timestamp,bid,ask
2025-11-27 14:54:43.694,0.652630,0.652720
2025-11-27 14:54:43.995,0.652630,0.652730
2025-11-27 14:54:45.040,0.652620,0.652720
2025-11-27 14:54:46.147,0.652620,0.652710
2025-11-27 14:54:56.623,0.652630,0.652720
2025-11-27 14:54:57.376,0.652610,0.652720
2025-11-27 14:55:00.109,0.652610,0.652700
2025-11-27 14:55:00.761,0.652620,0.652680
2025-11-27 14:55:03.167,0.652600,0.652690
2025-11-27 14:55:08.166,0.652620,0.652680
2025-11-27 14:55:08.418,0.652620,0.652690
2025-11-27 14:55:12.017,0.652620,0.652680
2025-11-27 14:55:12.118,0.652610,0.652680
2025-11-27 14:55:12.527,0.652610,0.652700
2025-11-27 14:55:15.485,0.652600,0.652690
2025-11-27 14:55:25.371,0.652610,0.652690
2025-11-27 14:55:29.697,0.652610,0.652700
2025-11-27 14:55:30.813,0.652620,0.652730
2025-11-27 14:55:30.919,0.652620,0.652720
2025-11-27 14:55:31.021,0.652630,0.652700
2025-11-27 14:55:36.972,0.652620,0.652700
2025-11-27 14:55:42.201,0.652600,0.652690
2025-11-27 14:55:45.174,0.652600,0.652680
2025-11-27 14:55:45.577,0.652610,0.652680
2025-11-27 14:55:45.677,0.652590,0.652690
2025-11-27 14:55:47.034,0.652610,0.652690
2025-11-27 14:55:47.138,0.652600,0.652710
2025-11-27 14:55:49.447,0.652600,0.652700
2025-11-27 14:55:56.810,0.652600,0.652680
2025-11-27 14:56:00.971,0.652590,0.652670
2025-11-27 14:56:03.292,0.652580,0.652660
2025-11-27 14:56:03.444,0.652570,0.652650
2025-11-27 14:56:05.617,0.652580,0.652670
2025-11-27 14:56:05.717,0.652590,0.652660
2025-11-27 14:56:05.818,0.652580,0.652670
2025-11-27 14:56:06.525,0.652600,0.652680
2025-11-27 14:56:06.577,0.652600,0.652700
2025-11-27 14:56:06.679,0.652610,0.652710
2025-11-27 14:56:07.587,0.652610,0.652720
2025-11-27 14:56:08.644,0.652610,0.652710
2025-11-27 14:56:09.648,0.652600,0.652730
2025-11-27 14:56:11.051,0.652620,0.652730
2025-11-27 14:56:11.152,0.652640,0.652730
2025-11-27 14:56:13.362,0.652630,0.652730
2025-11-27 14:56:13.512,0.652630,0.652720
2025-11-27 14:56:18.955,0.652630,0.652730
2025-11-27 14:56:19.056,0.652640,0.652730
2025-11-27 14:56:19.160,0.652650,0.652740
2025-11-27 14:56:19.317,0.652650,0.652750
2025-11-27 14:56:19.419,0.652640,0.652750
2025-11-27 14:56:21.122,0.652650,0.652750
2025-11-27 14:56:22.726,0.652640,0.652720
2025-11-27 14:56:22.880,0.652620,0.652730
2025-11-27 14:56:23.081,0.652620,0.652720
2025-11-27 14:56:23.232,0.652620,0.652730
2025-11-27 14:56:26.918,0.652630,0.652710
2025-11-27 14:56:27.070,0.652610,0.652730
2025-11-27 14:56:33.120,0.652620,0.652720
2025-11-27 14:56:33.222,0.652630,0.652720
2025-11-27 14:56:33.376,0.652630,0.652710
2025-11-27 14:56:33.628,0.652640,0.652710
2025-11-27 14:56:34.279,0.652630,0.652720
2025-11-27 14:56:34.431,0.652620,0.652740
2025-11-27 14:56:34.781,0.652630,0.652700
2025-11-27 14:56:35.435,0.652630,0.652710
2025-11-27 14:56:36.089,0.652620,0.652740
2025-11-27 14:56:39.593,0.652630,0.652740
2025-11-27 14:56:40.497,0.652640,0.652740
2025-11-27 14:56:47.511,0.652630,0.652730
2025-11-27 14:56:47.611,0.652620,0.652730
2025-11-27 14:56:49.866,0.652630,0.652730
2025-11-27 14:56:49.936,0.652640,0.652730
2025-11-27 14:56:53.352,0.652640,0.652740
2025-11-27 14:56:53.504,0.652650,0.652750
2025-11-27 14:57:03.648,0.652660,0.652750
2025-11-27 14:57:03.750,0.652660,0.652760
2025-11-27 14:57:04.054,0.652680,0.652760
2025-11-27 14:57:04.205,0.652690,0.652770
2025-11-27 14:57:04.307,0.652680,0.652790
2025-11-27 14:57:10.696,0.652690,0.652770
2025-11-27 14:57:10.997,0.652660,0.652780
2025-11-27 14:57:11.098,0.652670,0.652760
2025-11-27 14:57:14.705,0.652660,0.652760
2025-11-27 14:57:18.919,0.652670,0.652760
2025-11-27 14:57:19.019,0.652680,0.652770
2025-11-27 14:57:19.120,0.652680,0.652790
2025-11-27 14:57:22.472,0.652710,0.652780
2025-11-27 14:57:22.575,0.652710,0.652790
2025-11-27 14:57:22.675,0.652700,0.652780
2025-11-27 14:57:37.367,0.652710,0.652790
2025-11-27 14:57:40.189,0.652710,0.652810
2025-11-27 14:57:43.835,0.652700,0.652810
2025-11-27 14:57:43.949,0.652700,0.652800
2025-11-27 14:57:44.052,0.652690,0.652800
2025-11-27 14:57:48.561,0.652710,0.652810
2025-11-27 14:57:51.534,0.652720,0.652790
2025-11-27 14:57:52.593,0.652720,0.652780
2025-11-27 14:57:53.705,0.652700,0.652780
2025-11-27 14:57:58.959,0.652700,0.652770
2025-11-27 14:58:00.566,0.652700,0.652760
2025-11-27 14:58:03.752,0.652700,0.652770
2025-11-27 14:58:04.218,0.652700,0.652790
2025-11-27 14:58:40.722,0.652700,0.652780
2025-11-27 14:58:43.979,0.652680,0.652750
2025-11-27 14:58:52.056,0.652670,0.652760
2025-11-27 14:59:00.369,0.652650,0.652760
2025-11-27 14:59:02.543,0.652670,0.652760
2025-11-27 14:59:03.996,0.652660,0.652750
2025-11-27 14:59:06.857,0.652670,0.652760
2025-11-27 14:59:07.866,0.652670,0.652780
2025-11-27 14:59:14.877,0.652690,0.652770
2025-11-27 14:59:16.132,0.652690,0.652760
2025-11-27 14:59:19.767,0.652690,0.652770
2025-11-27 14:59:19.869,0.652690,0.652800
2025-11-27 14:59:20.021,0.652700,0.652800
2025-11-27 14:59:20.072,0.652690,0.652800
2025-11-27 14:59:20.870,0.652700,0.652780
2025-11-27 14:59:21.773,0.652680,0.652780
2025-11-27 14:59:24.080,0.652680,0.652770
2025-11-27 14:59:27.781,0.652660,0.652770
2025-11-27 14:59:27.882,0.652670,0.652770
2025-11-27 14:59:28.033,0.652680,0.652770
2025-11-27 14:59:32.592,0.652690,0.652770
2025-11-27 14:59:40.746,0.652690,0.652780
2025-11-27 14:59:40.847,0.652700,0.652780
2025-11-27 14:59:42.654,0.652690,0.652770
2025-11-27 14:59:45.936,0.652700,0.652780
2025-11-27 14:59:56.329,0.652700,0.652770
2025-11-27 14:59:56.430,0.652680,0.652770
2025-11-27 14:59:56.532,0.652680,0.652750
2025-11-27 14:59:56.635,0.652670,0.652750
2025-11-27 14:59:57.088,0.652670,0.652760
2025-11-27 14:59:57.188,0.652670,0.652770
2025-11-27 14:59:59.346,0.652690,0.652780
2025-11-27 14:59:59.548,0.652690,0.652770
2025-11-27 15:00:00.101,0.652680,0.652760
2025-11-27 15:00:00.303,0.652680,0.652750
2025-11-27 15:00:00.404,0.652660,0.652760
2025-11-27 15:00:02.175,0.652660,0.652750
2025-11-27 15:00:03.808,0.652670,0.652750
2025-11-27 15:00:05.575,0.652670,0.652760
2025-11-27 15:00:05.676,0.652670,0.652770
2025-11-27 15:00:05.980,0.652690,0.652770
2025-11-27 15:00:06.232,0.652680,0.652790
2025-11-27 15:00:07.336,0.652690,0.652770
2025-11-27 15:00:09.963,0.652670,0.652740
2025-11-27 15:00:12.083,0.652680,0.652760
2025-11-27 15:00:20.254,0.652670,0.652750
2025-11-27 15:00:21.055,0.652680,0.652750
2025-11-27 15:00:21.156,0.652670,0.652770
2025-11-27 15:00:21.257,0.652680,0.652770
2025-11-27 15:00:21.759,0.652680,0.652760
2025-11-27 15:00:32.614,0.652690,0.652770
2025-11-27 15:00:32.766,0.652670,0.652770
2025-11-27 15:00:33.721,0.652670,0.652750
2025-11-27 15:00:33.922,0.652670,0.652760
2025-11-27 15:00:35.125,0.652660,0.652750
2025-11-27 15:00:36.878,0.652650,0.652770
2025-11-27 15:00:41.226,0.652660,0.652770
2025-11-27 15:00:42.286,0.652680,0.652760
2025-11-27 15:00:42.387,0.652690,0.652770
2025-11-27 15:00:47.145,0.652690,0.652760
2025-11-27 15:00:48.499,0.652660,0.652770
2025-11-27 15:00:51.306,0.652650,0.652760
2025-11-27 15:00:56.603,0.652670,0.652760
2025-11-27 15:00:56.754,0.652670,0.652750
2025-11-27 15:01:02.011,0.652660,0.652740
2025-11-27 15:01:13.962,0.652660,0.652760
2025-11-27 15:01:14.920,0.652660,0.652750
2025-11-27 15:01:19.083,0.652650,0.652770
2025-11-27 15:01:24.038,0.652660,0.652760
2025-11-27 15:01:26.442,0.652650,0.652760
2025-11-27 15:01:26.692,0.652660,0.652760
2025-11-27 15:01:29.777,0.652660,0.652750
2025-11-27 15:01:29.879,0.652660,0.652730
2025-11-27 15:01:29.930,0.652640,0.652720
2025-11-27 15:01:30.033,0.652630,0.652720
2025-11-27 15:01:32.884,0.652630,0.652710
2025-11-27 15:01:33.797,0.652620,0.652730
2025-11-27 15:01:34.151,0.652640,0.652720
2025-11-27 15:01:35.606,0.652630,0.652740
2025-11-27 15:01:35.707,0.652650,0.652730
2025-11-27 15:01:35.937,0.652650,0.652740
2025-11-27 15:01:36.340,0.652660,0.652740
2025-11-27 15:01:37.094,0.652660,0.652750
2025-11-27 15:01:47.816,0.652660,0.652730
2025-11-27 15:01:48.119,0.652660,0.652740
2025-11-27 15:01:53.639,0.652690,0.652770
2025-11-27 15:01:53.740,0.652690,0.652780
2025-11-27 15:01:55.395,0.652710,0.652780
2025-11-27 15:02:00.838,0.652710,0.652770
2025-11-27 15:02:02.234,0.652680,0.652780
2025-11-27 15:02:02.285,0.652670,0.652750
2025-11-27 15:02:02.591,0.652670,0.652760
2025-11-27 15:02:02.694,0.652690,0.652770
2025-11-27 15:02:02.795,0.652690,0.652780
2025-11-27 15:02:08.043,0.652710,0.652780
2025-11-27 15:02:08.093,0.652710,0.652810
2025-11-27 15:02:08.144,0.652710,0.652830
2025-11-27 15:02:09.049,0.652740,0.652820
2025-11-27 15:02:09.100,0.652760,0.652840
2025-11-27 15:02:09.654,0.652760,0.652830
2025-11-27 15:02:09.857,0.652760,0.652850
2025-11-27 15:02:10.008,0.652760,0.652840
2025-11-27 15:02:12.496,0.652750,0.652820
2025-11-27 15:02:12.599,0.652740,0.652820
2025-11-27 15:02:12.753,0.652760,0.652830
2025-11-27 15:02:12.855,0.652760,0.652840
2025-11-27 15:02:15.672,0.652760,0.652850
2025-11-27 15:02:15.973,0.652760,0.652860
2025-11-27 15:02:16.273,0.652780,0.652860
2025-11-27 15:02:16.325,0.652790,0.652910
2025-11-27 15:02:16.426,0.652800,0.652890
2025-11-27 15:02:16.527,0.652800,0.652900
2025-11-27 15:02:29.193,0.652810,0.652900
2025-11-27 15:02:31.816,0.652810,0.652910
2025-11-27 15:02:44.587,0.652800,0.652910
2025-11-27 15:02:45.089,0.652800,0.652900
2025-11-27 15:02:45.240,0.652800,0.652910
2025-11-27 15:02:45.541,0.652800,0.652900
2025-11-27 15:02:50.739,0.652810,0.652910
2025-11-27 15:03:00.066,0.652800,0.652910
2025-11-27 15:03:00.420,0.652800,0.652900
2025-11-27 15:03:04.432,0.652790,0.652890
2025-11-27 15:03:04.556,0.652800,0.652900
2025-11-27 15:03:04.607,0.652820,0.652900
2025-11-27 15:03:04.822,0.652820,0.652910
2025-11-27 15:03:05.675,0.652830,0.652910
2025-11-27 15:03:05.977,0.652820,0.652940
2025-11-27 15:03:06.128,0.652840,0.652930
2025-11-27 15:03:06.832,0.652840,0.652910
2025-11-27 15:03:07.083,0.652840,0.652920
2025-11-27 15:03:07.284,0.652840,0.652930
2025-11-27 15:03:17.244,0.652860,0.652940
2025-11-27 15:03:18.651,0.652850,0.652940
2025-11-27 15:03:20.154,0.652850,0.652930
2025-11-27 15:03:20.657,0.652850,0.652940
2025-11-27 15:03:20.758,0.652850,0.652930
2025-11-27 15:03:21.186,0.652850,0.652940
2025-11-27 15:03:25.653,0.652840,0.652940
2025-11-27 15:03:30.358,0.652850,0.652940
2025-11-27 15:03:31.513,0.652850,0.652950
2025-11-27 15:03:42.899,0.652850,0.652940
2025-11-27 15:03:46.342,0.652850,0.652950
2025-11-27 15:03:49.464,0.652860,0.652930
2025-11-27 15:03:49.516,0.652850,0.652960
2025-11-27 15:03:53.890,0.652850,0.652950
2025-11-27 15:04:01.292,0.652860,0.652950
2025-11-27 15:04:09.440,0.652840,0.652930
2025-11-27 15:04:12.398,0.652840,0.652950
2025-11-27 15:04:12.498,0.652850,0.652950
2025-11-27 15:04:14.104,0.652860,0.652950
2025-11-27 15:04:14.255,0.652850,0.652970
2025-11-27 15:04:20.554,0.652860,0.652940
2025-11-27 15:04:29.812,0.652890,0.652970
2025-11-27 15:04:29.913,0.652910,0.652990
2025-11-27 15:04:38.557,0.652890,0.652970
2025-11-27 15:04:38.757,0.652880,0.652970
2025-11-27 15:04:40.106,0.652880,0.652950
2025-11-27 15:04:49.220,0.652880,0.652960
2025-11-27 15:04:49.372,0.652890,0.652970
2025-11-27 15:04:49.522,0.652900,0.652970
2025-11-27 15:04:49.623,0.652880,0.652980
2025-11-27 15:04:51.477,0.652890,0.652980
2025-11-27 15:04:51.579,0.652900,0.652980
2025-11-27 15:04:51.836,0.652900,0.652990
2025-11-27 15:04:56.829,0.652900,0.652980
2025-11-27 15:04:56.929,0.652890,0.652980
2025-11-27 15:04:57.082,0.652880,0.652980
2025-11-27 15:05:07.267,0.652880,0.652970
2025-11-27 15:05:07.470,0.652880,0.652980
2025-11-27 15:05:08.829,0.652900,0.652980
2025-11-27 15:05:08.930,0.652900,0.652990
2025-11-27 15:05:10.677,0.652900,0.652970
2025-11-27 15:05:12.785,0.652880,0.652960
2025-11-27 15:05:12.886,0.652880,0.652970
2025-11-27 15:05:25.486,0.652890,0.652970
2025-11-27 15:05:25.838,0.652880,0.652990
2025-11-27 15:05:28.846,0.652890,0.652970
2025-11-27 15:05:28.947,0.652870,0.652960
2025-11-27 15:05:29.048,0.652870,0.652970
2025-11-27 15:05:29.166,0.652900,0.652990
2025-11-27 15:05:45.081,0.652910,0.652990
2025-11-27 15:06:02.789,0.652890,0.652980
2025-11-27 15:06:02.890,0.652890,0.652970
2025-11-27 15:06:03.037,0.652880,0.652970
2025-11-27 15:06:04.193,0.652890,0.652970
2025-11-27 15:06:05.600,0.652870,0.652950
2025-11-27 15:06:05.802,0.652850,0.652950
2025-11-27 15:06:06.203,0.652860,0.652950
2025-11-27 15:06:07.021,0.652870,0.652950
2025-11-27 15:06:09.229,0.652870,0.652940
2025-11-27 15:06:13.995,0.652870,0.652960
2025-11-27 15:06:23.272,0.652850,0.652970
2025-11-27 15:06:31.719,0.652850,0.652960
2025-11-27 15:06:31.770,0.652850,0.652930
2025-11-27 15:06:32.841,0.652860,0.652930
2025-11-27 15:06:33.093,0.652850,0.652950
2025-11-27 15:06:37.709,0.652840,0.652950
2025-11-27 15:06:40.762,0.652870,0.652960
2025-11-27 15:06:40.813,0.652890,0.652980
2025-11-27 15:06:40.863,0.652900,0.653000
2025-11-27 15:06:41.065,0.652900,0.652990
2025-11-27 15:06:42.270,0.652880,0.652980
2025-11-27 15:06:42.371,0.652880,0.652970
2025-11-27 15:06:43.174,0.652870,0.652970
2025-11-27 15:06:45.280,0.652880,0.652970
2025-11-27 15:06:45.920,0.652880,0.652960
2025-11-27 15:06:46.978,0.652880,0.652980
2025-11-27 15:06:57.410,0.652890,0.652980
2025-11-27 15:07:00.824,0.652900,0.652990
2025-11-27 15:07:02.707,0.652890,0.652990
2025-11-27 15:07:13.256,0.652900,0.652990
2025-11-27 15:07:15.194,0.652890,0.652950
2025-11-27 15:07:15.248,0.652870,0.652960
2025-11-27 15:07:15.502,0.652860,0.652950
2025-11-27 15:07:21.701,0.652850,0.652940
2025-11-27 15:07:44.298,0.652850,0.652920
2025-11-27 15:07:44.399,0.652810,0.652890
2025-11-27 15:07:51.078,0.652800,0.652890
2025-11-27 15:07:52.474,0.652810,0.652890
2025-11-27 15:07:55.984,0.652790,0.652870
2025-11-27 15:07:56.086,0.652780,0.652870
2025-11-27 15:07:56.337,0.652760,0.652870
2025-11-27 15:07:56.437,0.652760,0.652850
2025-11-27 15:07:58.675,0.652760,0.652870
2025-11-27 15:07:58.876,0.652780,0.652860
2025-11-27 15:08:01.481,0.652770,0.652860
2025-11-27 15:08:01.632,0.652760,0.652860
2025-11-27 15:08:01.933,0.652760,0.652850
2025-11-27 15:08:02.034,0.652770,0.652860
2025-11-27 15:08:02.288,0.652780,0.652860
2025-11-27 15:08:03.639,0.652790,0.652870
2025-11-27 15:08:03.841,0.652780,0.652870
2025-11-27 15:08:21.706,0.652780,0.652860
2025-11-27 15:08:26.891,0.652780,0.652870
2025-11-27 15:08:32.634,0.652790,0.652870
2025-11-27 15:08:32.736,0.652780,0.652890
2025-11-27 15:08:33.890,0.652800,0.652880
2025-11-27 15:08:36.448,0.652790,0.652880
2025-11-27 15:08:39.120,0.652800,0.652880
2025-11-27 15:08:39.221,0.652830,0.652930
2025-11-27 15:08:39.322,0.652820,0.652910
2025-11-27 15:08:43.199,0.652810,0.652910
2025-11-27 15:08:45.811,0.652810,0.652900
2025-11-27 15:08:48.907,0.652820,0.652910
2025-11-27 15:08:48.960,0.652830,0.652930
2025-11-27 15:08:49.114,0.652850,0.652930
2025-11-27 15:08:49.316,0.652830,0.652930
2025-11-27 15:08:50.019,0.652830,0.652920
2025-11-27 15:08:53.319,0.652840,0.652920
2025-11-27 15:08:53.422,0.652850,0.652930
2025-11-27 15:09:10.627,0.652830,0.652900
2025-11-27 15:09:10.728,0.652830,0.652910
2025-11-27 15:09:10.829,0.652810,0.652910
2025-11-27 15:09:11.683,0.652800,0.652910
2025-11-27 15:09:12.234,0.652820,0.652890
2025-11-27 15:09:12.435,0.652800,0.652890
2025-11-27 15:09:34.729,0.652790,0.652910
2025-11-27 15:09:41.249,0.652820,0.652900
2025-11-27 15:09:41.351,0.652840,0.652930
2025-11-27 15:09:41.459,0.652850,0.652940
2025-11-27 15:09:44.602,0.652850,0.652960
2025-11-27 15:09:44.756,0.652870,0.652960
2025-11-27 15:09:44.858,0.652890,0.652980
2025-11-27 15:09:45.410,0.652890,0.652990
2025-11-27 15:09:45.510,0.652910,0.652990
2025-11-27 15:09:45.612,0.652910,0.653010
2025-11-27 15:09:50.100,0.652900,0.653010
2025-11-27 15:09:52.312,0.652930,0.653010
2025-11-27 15:09:53.616,0.652920,0.653010
2025-11-27 15:09:58.726,0.652910,0.653010
2025-11-27 15:10:00.430,0.652900,0.653010
2025-11-27 15:10:00.531,0.652900,0.653000
2025-11-27 15:10:03.911,0.652910,0.653000
2025-11-27 15:10:04.568,0.652910,0.653010
2025-11-27 15:10:04.719,0.652920,0.653010
2025-11-27 15:10:04.870,0.652930,0.653010
2025-11-27 15:10:15.088,0.652920,0.653000
2025-11-27 15:10:15.291,0.652910,0.653000
2025-11-27 15:10:23.715,0.652920,0.653000
2025-11-27 15:10:24.017,0.652930,0.653010
2025-11-27 15:10:26.905,0.652920,0.653010
2025-11-27 15:10:31.260,0.652900,0.653010
2025-11-27 15:10:31.410,0.652930,0.653010
2025-11-27 15:10:31.611,0.652920,0.653010
2025-11-27 15:10:40.024,0.652920,0.653000
2025-11-27 15:10:43.185,0.652930,0.653010
2025-11-27 15:10:46.319,0.652940,0.653020
2025-11-27 15:10:46.624,0.652940,0.653040
2025-11-27 15:10:50.134,0.652930,0.653020
2025-11-27 15:10:50.385,0.652930,0.653040
2025-11-27 15:10:58.781,0.652940,0.653040
2025-11-27 15:10:58.982,0.652950,0.653040
2025-11-27 15:10:59.084,0.652970,0.653060
2025-11-27 15:10:59.185,0.652970,0.653070
2025-11-27 15:10:59.387,0.652970,0.653080
2025-11-27 15:10:59.487,0.652980,0.653060
2025-11-27 15:10:59.588,0.652970,0.653060
2025-11-27 15:11:01.918,0.652980,0.653070
2025-11-27 15:11:02.020,0.652970,0.653060
2025-11-27 15:11:07.845,0.652980,0.653060
2025-11-27 15:11:07.945,0.652970,0.653060
2025-11-27 15:11:19.163,0.652950,0.653060
2025-11-27 15:11:20.289,0.652960,0.653070
2025-11-27 15:11:21.692,0.652960,0.653050
2025-11-27 15:11:38.863,0.652940,0.653020
2025-11-27 15:11:38.963,0.652930,0.653010
2025-11-27 15:11:44.766,0.652930,0.653020
2025-11-27 15:11:53.887,0.652940,0.653030
2025-11-27 15:11:53.988,0.652950,0.653040
2025-11-27 15:11:55.756,0.652940,0.653010
2025-11-27 15:11:55.910,0.652920,0.653020
2025-11-27 15:12:04.570,0.652920,0.653040
2025-11-27 15:12:04.723,0.652920,0.653030
2025-11-27 15:12:10.313,0.652930,0.653010
2025-11-27 15:12:11.567,0.652940,0.653030
2025-11-27 15:12:12.571,0.652940,0.653040
2025-11-27 15:12:16.525,0.652940,0.653050
2025-11-27 15:12:38.785,0.652940,0.653030
2025-11-27 15:12:38.988,0.652930,0.653030
2025-11-27 15:12:44.527,0.652920,0.653020
2025-11-27 15:12:44.629,0.652920,0.653010
2025-11-27 15:12:46.530,0.652920,0.653000
2025-11-27 15:12:51.497,0.652910,0.653020
2025-11-27 15:12:54.236,0.652930,0.653040
2025-11-27 15:12:54.391,0.652960,0.653040
2025-11-27 15:12:54.593,0.652970,0.653070
2025-11-27 15:12:57.348,0.652970,0.653060
2025-11-27 15:13:20.399,0.652980,0.653070
2025-11-27 15:13:20.500,0.653010,0.653080
2025-11-27 15:13:20.600,0.653010,0.653090
2025-11-27 15:13:21.021,0.653030,0.653110
2025-11-27 15:13:21.122,0.653030,0.653120
2025-11-27 15:13:21.427,0.653020,0.653110
2025-11-27 15:13:32.415,0.653030,0.653120
2025-11-27 15:13:33.068,0.653030,0.653110
2025-11-27 15:13:35.075,0.653020,0.653110
2025-11-27 15:13:35.175,0.653010,0.653090
2025-11-27 15:13:35.227,0.653000,0.653120
2025-11-27 15:13:35.328,0.653010,0.653100
2025-11-27 15:13:37.619,0.653010,0.653110
2025-11-27 15:13:44.529,0.653010,0.653100
2025-11-27 15:13:47.216,0.653020,0.653100
2025-11-27 15:13:49.044,0.653020,0.653110
2025-11-27 15:13:55.577,0.653020,0.653100
2025-11-27 15:14:00.247,0.653010,0.653120
2025-11-27 15:14:00.449,0.653010,0.653110
2025-11-27 15:14:01.454,0.653010,0.653100
2025-11-27 15:14:08.344,0.653010,0.653090
2025-11-27 15:14:08.494,0.653000,0.653110
2025-11-27 15:14:12.301,0.653000,0.653100
2025-11-27 15:14:23.863,0.653000,0.653090
2025-11-27 15:14:46.683,0.653030,0.653100
2025-11-27 15:14:50.120,0.653030,0.653130
2025-11-27 15:14:50.270,0.653050,0.653120
2025-11-27 15:14:50.370,0.653040,0.653140
2025-11-27 15:15:02.817,0.653040,0.653130
2025-11-27 15:15:04.328,0.653020,0.653130
2025-11-27 15:15:06.386,0.653040,0.653120
2025-11-27 15:15:08.777,0.653030,0.653150
2025-11-27 15:15:12.927,0.653040,0.653150
2025-11-27 15:15:13.179,0.653040,0.653140
2025-11-27 15:15:13.230,0.653030,0.653120
2025-11-27 15:15:17.533,0.653060,0.653140
2025-11-27 15:15:17.635,0.653070,0.653150
2025-11-27 15:15:17.737,0.653070,0.653160
2025-11-27 15:15:20.095,0.653060,0.653160
2025-11-27 15:15:23.898,0.653050,0.653160
2025-11-27 15:15:26.403,0.653060,0.653160
2025-11-27 15:15:29.250,0.653050,0.653160
2025-11-27 15:15:36.048,0.653040,0.653130
2025-11-27 15:15:36.098,0.653050,0.653150
2025-11-27 15:15:36.200,0.653060,0.653150
2025-11-27 15:15:40.068,0.653060,0.653140
2025-11-27 15:15:44.323,0.653050,0.653160
2025-11-27 15:15:45.679,0.653060,0.653160
2025-11-27 15:15:45.939,0.653060,0.653180
2025-11-27 15:15:46.394,0.653070,0.653180
2025-11-27 15:15:46.445,0.653090,0.653170
2025-11-27 15:15:46.549,0.653090,0.653200
2025-11-27 15:15:46.651,0.653100,0.653200
2025-11-27 15:15:48.470,0.653090,0.653200
2025-11-27 15:15:51.577,0.653070,0.653180
2025-11-27 15:15:51.727,0.653060,0.653160
2025-11-27 15:15:53.082,0.653060,0.653150
2025-11-27 15:15:53.182,0.653050,0.653170
2025-11-27 15:15:57.568,0.653050,0.653160
2025-11-27 15:16:09.682,0.653080,0.653170
2025-11-27 15:16:09.835,0.653080,0.653160
2025-11-27 15:16:11.845,0.653080,0.653150
2025-11-27 15:16:11.895,0.653080,0.653170
2025-11-27 15:16:12.652,0.653100,0.653180
2025-11-27 15:16:12.752,0.653100,0.653190
2025-11-27 15:16:23.325,0.653100,0.653180
2025-11-27 15:16:28.528,0.653100,0.653190
2025-11-27 15:16:28.628,0.653110,0.653190
2025-11-27 15:16:28.729,0.653110,0.653180
2025-11-27 15:16:32.556,0.653110,0.653190
2025-11-27 15:16:41.080,0.653110,0.653200
2025-11-27 15:16:41.182,0.653130,0.653210
2025-11-27 15:16:45.919,0.653140,0.653240
2025-11-27 15:16:59.406,0.653160,0.653230
2025-11-27 15:17:02.312,0.653160,0.653250
2025-11-27 15:17:08.758,0.653150,0.653270
2025-11-27 15:17:08.908,0.653160,0.653250
2025-11-27 15:17:14.446,0.653200,0.653290
2025-11-27 15:17:17.061,0.653190,0.653290
2025-11-27 15:17:20.497,0.653190,0.653270
2025-11-27 15:17:20.599,0.653180,0.653280
2025-11-27 15:17:20.700,0.653200,0.653280
2025-11-27 15:17:20.800,0.653200,0.653290
2025-11-27 15:17:25.588,0.653210,0.653300
2025-11-27 15:17:27.400,0.653200,0.653300
2025-11-27 15:17:27.702,0.653190,0.653300
2025-11-27 15:17:41.207,0.653190,0.653310
2025-11-27 15:17:41.316,0.653210,0.653300
2025-11-27 15:17:41.517,0.653210,0.653310
2025-11-27 15:17:41.720,0.653210,0.653300
2025-11-27 15:17:44.840,0.653200,0.653280
2025-11-27 15:17:44.941,0.653190,0.653280
2025-11-27 15:17:45.894,0.653180,0.653270
2025-11-27 15:17:51.190,0.653160,0.653280
2025-11-27 15:17:51.291,0.653190,0.653270
2025-11-27 15:17:51.497,0.653200,0.653280
2025-11-27 15:17:58.947,0.653200,0.653270
2025-11-27 15:18:09.555,0.653200,0.653280
2025-11-27 15:18:29.634,0.653190,0.653280
2025-11-27 15:18:29.737,0.653170,0.653280
2025-11-27 15:18:30.190,0.653170,0.653260
2025-11-27 15:18:30.944,0.653150,0.653270
2025-11-27 15:18:34.603,0.653170,0.653290
2025-11-27 15:18:34.704,0.653190,0.653280
2025-11-27 15:18:43.639,0.653190,0.653290
2025-11-27 15:18:45.134,0.653200,0.653290
2025-11-27 15:18:45.436,0.653200,0.653300
2025-11-27 15:18:48.244,0.653190,0.653300
2025-11-27 15:18:48.345,0.653190,0.653310
2025-11-27 15:18:48.496,0.653200,0.653290
2025-11-27 15:19:06.547,0.653200,0.653300
2025-11-27 15:19:08.654,0.653200,0.653290
2025-11-27 15:19:09.005,0.653190,0.653290
2025-11-27 15:19:13.672,0.653200,0.653290
2025-11-27 15:19:13.873,0.653190,0.653290
2025-11-27 15:19:17.115,0.653190,0.653280
2025-11-27 15:19:17.221,0.653180,0.653260
2025-11-27 15:19:17.322,0.653170,0.653260
2025-11-27 15:19:17.425,0.653150,0.653270
2025-11-27 15:19:17.627,0.653150,0.653260
2025-11-27 15:19:17.728,0.653170,0.653250
2025-11-27 15:19:18.984,0.653150,0.653270
2025-11-27 15:19:19.385,0.653160,0.653260
2025-11-27 15:19:21.392,0.653160,0.653270
2025-11-27 15:19:21.492,0.653190,0.653270
2025-11-27 15:19:21.543,0.653160,0.653280
2025-11-27 15:19:21.930,0.653170,0.653280
2025-11-27 15:19:22.031,0.653190,0.653280
2025-11-27 15:19:22.382,0.653200,0.653280
2025-11-27 15:19:29.522,0.653200,0.653270
2025-11-27 15:19:29.572,0.653200,0.653300
2025-11-27 15:19:29.672,0.653190,0.653310
2025-11-27 15:19:39.282,0.653200,0.653300
2025-11-27 15:19:39.975,0.653200,0.653290
2025-11-27 15:19:47.311,0.653180,0.653280
2025-11-27 15:19:47.411,0.653190,0.653280
2025-11-27 15:19:56.120,0.653200,0.653280
2025-11-27 15:19:56.321,0.653190,0.653280
2025-11-27 15:19:57.623,0.653200,0.653280
2025-11-27 15:20:00.099,0.653200,0.653290
2025-11-27 15:20:11.247,0.653190,0.653310
2025-11-27 15:20:13.058,0.653190,0.653300
2025-11-27 15:20:29.789,0.653200,0.653300
2025-11-27 15:20:31.097,0.653210,0.653300
2025-11-27 15:20:31.498,0.653210,0.653310
2025-11-27 15:20:31.699,0.653240,0.653320
2025-11-27 15:20:31.850,0.653240,0.653340
2025-11-27 15:20:32.200,0.653240,0.653330
2025-11-27 15:20:33.202,0.653230,0.653350
2025-11-27 15:20:42.098,0.653220,0.653330
2025-11-27 15:20:42.655,0.653200,0.653320
2025-11-27 15:20:44.814,0.653190,0.653310
2025-11-27 15:20:56.324,0.653210,0.653300
2025-11-27 15:20:57.578,0.653190,0.653310
2025-11-27 15:21:00.184,0.653210,0.653300
2025-11-27 15:21:08.739,0.653200,0.653290
2025-11-27 15:21:12.076,0.653190,0.653300
2025-11-27 15:21:28.882,0.653200,0.653280
2025-11-27 15:21:29.083,0.653180,0.653290
2025-11-27 15:21:34.133,0.653190,0.653280
2025-11-27 15:21:34.184,0.653190,0.653300
2025-11-27 15:21:34.434,0.653200,0.653300
2025-11-27 15:21:37.740,0.653200,0.653290
2025-11-27 15:21:37.841,0.653190,0.653280
2025-11-27 15:21:38.894,0.653200,0.653290
2025-11-27 15:21:39.046,0.653210,0.653290
2025-11-27 15:21:42.655,0.653230,0.653310
2025-11-27 15:21:42.848,0.653250,0.653330
2025-11-27 15:21:42.900,0.653240,0.653320
2025-11-27 15:22:05.748,0.653240,0.653340
2025-11-27 15:22:07.208,0.653250,0.653350
2025-11-27 15:22:07.409,0.653250,0.653340
2025-11-27 15:22:10.822,0.653290,0.653370
2025-11-27 15:22:10.974,0.653300,0.653380
2025-11-27 15:22:13.554,0.653280,0.653370
2025-11-27 15:22:13.606,0.653270,0.653350
2025-11-27 15:22:13.758,0.653250,0.653360
2025-11-27 15:22:13.860,0.653240,0.653350
2025-11-27 15:22:14.511,0.653260,0.653340
2025-11-27 15:22:15.664,0.653260,0.653350
2025-11-27 15:22:20.597,0.653260,0.653360
2025-11-27 15:22:21.249,0.653280,0.653360
2025-11-27 15:22:21.351,0.653300,0.653380
2025-11-27 15:22:21.451,0.653290,0.653370
2025-11-27 15:22:29.686,0.653310,0.653380
2025-11-27 15:22:29.787,0.653300,0.653390
2025-11-27 15:22:30.591,0.653290,0.653390
2025-11-27 15:22:31.745,0.653290,0.653410
2025-11-27 15:22:46.629,0.653300,0.653390
2025-11-27 15:22:48.182,0.653290,0.653370
2025-11-27 15:22:48.234,0.653270,0.653360
2025-11-27 15:22:48.335,0.653270,0.653370
2025-11-27 15:22:48.586,0.653280,0.653370
2025-11-27 15:22:49.474,0.653270,0.653370
2025-11-27 15:22:49.928,0.653260,0.653350
2025-11-27 15:22:53.950,0.653270,0.653360
2025-11-27 15:22:54.051,0.653260,0.653360
2025-11-27 15:22:54.151,0.653270,0.653360
2025-11-27 15:22:57.104,0.653260,0.653360
2025-11-27 15:22:57.204,0.653250,0.653360
2025-11-27 15:23:00.314,0.653250,0.653350
2025-11-27 15:23:00.515,0.653250,0.653330
2025-11-27 15:23:03.567,0.653260,0.653340
2025-11-27 15:23:05.825,0.653270,0.653340
2025-11-27 15:23:09.048,0.653260,0.653340
2025-11-27 15:23:09.509,0.653270,0.653340
2025-11-27 15:23:11.117,0.653260,0.653340
2025-11-27 15:23:16.169,0.653270,0.653340
2025-11-27 15:23:16.370,0.653250,0.653350
2025-11-27 15:23:32.182,0.653270,0.653340
2025-11-27 15:23:33.359,0.653250,0.653350
2025-11-27 15:23:33.463,0.653260,0.653330
2025-11-27 15:23:33.816,0.653270,0.653340
2025-11-27 15:23:37.533,0.653260,0.653340
2025-11-27 15:23:42.875,0.653270,0.653340
2025-11-27 15:23:43.478,0.653260,0.653360
2025-11-27 15:23:48.317,0.653250,0.653350
2025-11-27 15:23:51.235,0.653260,0.653350
2025-11-27 15:23:51.335,0.653260,0.653360
2025-11-27 15:23:57.727,0.653290,0.653370
2025-11-27 15:23:57.829,0.653290,0.653400
2025-11-27 15:23:57.980,0.653310,0.653390
2025-11-27 15:23:58.382,0.653310,0.653400
2025-11-27 15:23:59.100,0.653310,0.653390
2025-11-27 15:24:00.056,0.653310,0.653400
2025-11-27 15:24:00.359,0.653310,0.653390
2025-11-27 15:24:03.121,0.653310,0.653410
2025-11-27 15:24:03.223,0.653300,0.653400
2025-11-27 15:24:11.487,0.653300,0.653390
2025-11-27 15:24:13.843,0.653290,0.653400
2025-11-27 15:24:20.299,0.653300,0.653390
2025-11-27 15:24:22.270,0.653290,0.653370
2025-11-27 15:24:22.371,0.653280,0.653360
2025-11-27 15:24:22.472,0.653270,0.653360
2025-11-27 15:24:26.234,0.653270,0.653350
2025-11-27 15:24:29.142,0.653260,0.653350
2025-11-27 15:24:29.443,0.653250,0.653350
2025-11-27 15:24:31.198,0.653260,0.653360
2025-11-27 15:24:36.697,0.653250,0.653350
2025-11-27 15:24:39.767,0.653260,0.653360
2025-11-27 15:24:42.028,0.653290,0.653370
2025-11-27 15:24:42.079,0.653290,0.653400
2025-11-27 15:25:00.242,0.653300,0.653390
2025-11-27 15:25:09.248,0.653300,0.653380
2025-11-27 15:25:09.451,0.653280,0.653380
2025-11-27 15:25:10.116,0.653260,0.653360
2025-11-27 15:25:10.368,0.653250,0.653360
2025-11-27 15:25:14.487,0.653260,0.653360
2025-11-27 15:25:17.794,0.653250,0.653360
2025-11-27 15:25:20.838,0.653240,0.653320
2025-11-27 15:25:20.889,0.653220,0.653310
2025-11-27 15:25:21.040,0.653200,0.653320
2025-11-27 15:25:21.191,0.653240,0.653320
2025-11-27 15:25:21.242,0.653230,0.653350
2025-11-27 15:25:22.147,0.653240,0.653350
2025-11-27 15:25:22.248,0.653250,0.653350
2025-11-27 15:25:23.051,0.653250,0.653340
2025-11-27 15:25:23.254,0.653260,0.653340
2025-11-27 15:25:23.704,0.653300,0.653360
2025-11-27 15:25:23.806,0.653300,0.653370
2025-11-27 15:25:23.940,0.653300,0.653380
2025-11-27 15:25:24.141,0.653310,0.653390
2025-11-27 15:25:24.697,0.653340,0.653420
2025-11-27 15:25:39.856,0.653320,0.653430
2025-11-27 15:25:40.006,0.653330,0.653410
2025-11-27 15:25:40.207,0.653310,0.653410
2025-11-27 15:25:45.366,0.653310,0.653390
2025-11-27 15:25:47.738,0.653320,0.653400
2025-11-27 15:25:47.990,0.653310,0.653390
2025-11-27 15:25:56.459,0.653300,0.653380
2025-11-27 15:26:27.912,0.653290,0.653380
2025-11-27 15:26:28.465,0.653280,0.653370
2025-11-27 15:26:28.567,0.653270,0.653350
2025-11-27 15:26:28.668,0.653260,0.653340
2025-11-27 15:26:37.182,0.653280,0.653360
2025-11-27 15:26:37.333,0.653270,0.653350
2025-11-27 15:26:37.837,0.653280,0.653350
2025-11-27 15:26:43.390,0.653300,0.653370
2025-11-27 15:26:43.442,0.653270,0.653390
2025-11-27 15:26:43.548,0.653300,0.653390
2025-11-27 15:26:43.654,0.653300,0.653400
2025-11-27 15:26:43.756,0.653310,0.653400
2025-11-27 15:26:44.410,0.653320,0.653410
2025-11-27 15:26:44.511,0.653320,0.653400
2025-11-27 15:26:44.611,0.653310,0.653400
2025-11-27 15:26:45.615,0.653300,0.653390
2025-11-27 15:26:49.809,0.653290,0.653390
2025-11-27 15:26:51.471,0.653290,0.653380
2025-11-27 15:26:51.571,0.653280,0.653380
2025-11-27 15:26:51.974,0.653290,0.653380
2025-11-27 15:26:52.429,0.653310,0.653390
2025-11-27 15:26:53.734,0.653300,0.653390
2025-11-27 15:26:54.185,0.653290,0.653390
2025-11-27 15:26:54.580,0.653290,0.653380
2025-11-27 15:26:59.509,0.653290,0.653390
2025-11-27 15:27:00.515,0.653290,0.653380
2025-11-27 15:27:02.187,0.653300,0.653390
2025-11-27 15:27:02.440,0.653300,0.653400
2025-11-27 15:27:02.774,0.653290,0.653400
2025-11-27 15:27:12.948,0.653310,0.653390
2025-11-27 15:27:16.465,0.653300,0.653390
2025-11-27 15:27:17.539,0.653290,0.653390
2025-11-27 15:27:17.690,0.653280,0.653380
2025-11-27 15:27:18.141,0.653290,0.653380
2025-11-27 15:27:18.442,0.653290,0.653390
2025-11-27 15:27:18.592,0.653300,0.653390
2025-11-27 15:27:21.358,0.653290,0.653390
2025-11-27 15:27:21.659,0.653330,0.653400
2025-11-27 15:27:21.862,0.653320,0.653390
2025-11-27 15:27:25.297,0.653330,0.653420
2025-11-27 15:27:26.401,0.653320,0.653420
2025-11-27 15:27:30.362,0.653340,0.653410
2025-11-27 15:27:30.562,0.653330,0.653410
2025-11-27 15:27:33.183,0.653330,0.653420
2025-11-27 15:27:33.485,0.653330,0.653430
2025-11-27 15:27:33.938,0.653330,0.653440
2025-11-27 15:27:34.042,0.653350,0.653430
2025-11-27 15:27:34.193,0.653350,0.653440
2025-11-27 15:27:38.053,0.653340,0.653440
2025-11-27 15:27:44.740,0.653340,0.653410
2025-11-27 15:27:44.843,0.653320,0.653420
2025-11-27 15:27:52.944,0.653320,0.653410
2025-11-27 15:27:53.047,0.653300,0.653380
2025-11-27 15:27:53.151,0.653260,0.653370
2025-11-27 15:27:53.254,0.653260,0.653360
2025-11-27 15:27:53.355,0.653250,0.653350
2025-11-27 15:27:55.588,0.653250,0.653340
2025-11-27 15:27:55.738,0.653240,0.653340
2025-11-27 15:28:00.323,0.653250,0.653340
2025-11-27 15:28:00.525,0.653240,0.653340
2025-11-27 15:28:03.537,0.653250,0.653340
2025-11-27 15:28:04.805,0.653240,0.653340
2025-11-27 15:28:08.559,0.653250,0.653340
2025-11-27 15:28:11.166,0.653250,0.653330
2025-11-27 15:28:11.318,0.653230,0.653340
2025-11-27 15:28:20.777,0.653240,0.653350
2025-11-27 15:28:27.476,0.653280,0.653370
2025-11-27 15:28:27.576,0.653280,0.653380
2025-11-27 15:28:28.230,0.653270,0.653370
2025-11-27 15:28:38.210,0.653270,0.653360
2025-11-27 15:28:41.039,0.653250,0.653360
2025-11-27 15:28:41.191,0.653260,0.653340
2025-11-27 15:28:43.398,0.653250,0.653340
2025-11-27 15:28:50.536,0.653250,0.653330
2025-11-27 15:28:50.637,0.653240,0.653320
2025-11-27 15:28:58.657,0.653240,0.653330
2025-11-27 15:29:00.011,0.653230,0.653330
2025-11-27 15:29:02.293,0.653250,0.653340
2025-11-27 15:29:15.408,0.653240,0.653330
2025-11-27 15:29:15.459,0.653230,0.653310
2025-11-27 15:29:15.559,0.653240,0.653310
2025-11-27 15:29:19.149,0.653240,0.653320
2025-11-27 15:29:19.652,0.653240,0.653330
2025-11-27 15:29:25.842,0.653240,0.653340
2025-11-27 15:29:36.070,0.653230,0.653300
2025-11-27 15:29:36.173,0.653220,0.653300
2025-11-27 15:29:36.625,0.653230,0.653310
2025-11-27 15:29:37.127,0.653230,0.653320
2025-11-27 15:29:37.377,0.653250,0.653320
2025-11-27 15:29:41.241,0.653240,0.653310
2025-11-27 15:29:42.044,0.653250,0.653320
2025-11-27 15:29:50.638,0.653240,0.653310
2025-11-27 15:29:54.791,0.653250,0.653320
2025-11-27 15:29:55.345,0.653240,0.653320
2025-11-27 15:30:00.148,0.653250,0.653330
2025-11-27 15:30:09.313,0.653260,0.653330
2025-11-27 15:30:09.565,0.653250,0.653330
2025-11-27 15:30:14.156,0.653230,0.653320
2025-11-27 15:30:14.307,0.653240,0.653300
2025-11-27 15:30:14.459,0.653230,0.653300
2025-11-27 15:30:16.714,0.653220,0.653300
2025-11-27 15:30:17.555,0.653230,0.653310
2025-11-27 15:30:17.957,0.653230,0.653320
2025-11-27 15:30:20.115,0.653230,0.653310
2025-11-27 15:30:20.765,0.653230,0.653330
2025-11-27 15:30:20.966,0.653230,0.653310
2025-11-27 15:30:21.067,0.653220,0.653300
2025-11-27 15:30:27.968,0.653200,0.653300
2025-11-27 15:30:28.373,0.653190,0.653280
2025-11-27 15:30:30.802,0.653180,0.653280
2025-11-27 15:30:32.664,0.653190,0.653280
2025-11-27 15:30:34.084,0.653200,0.653290
2025-11-27 15:30:41.510,0.653190,0.653280
2025-11-27 15:30:45.224,0.653190,0.653280
2025-11-27 15:30:47.542,0.653200,0.653290
2025-11-27 15:30:47.793,0.653180,0.653300
2025-11-27 15:30:49.550,0.653190,0.653260
2025-11-27 15:30:49.653,0.653160,0.653240
2025-11-27 15:30:50.308,0.653160,0.653230
2025-11-27 15:30:50.760,0.653150,0.653230
2025-11-27 15:30:59.998,0.653130,0.653240
2025-11-27 15:31:00.108,0.653130,0.653230
2025-11-27 15:31:00.216,0.653120,0.653220
2025-11-27 15:31:00.521,0.653120,0.653210
2025-11-27 15:31:00.972,0.653130,0.653220
2025-11-27 15:31:01.323,0.653140,0.653240
2025-11-27 15:31:03.276,0.653120,0.653210
2025-11-27 15:31:03.827,0.653120,0.653220
2025-11-27 15:31:03.877,0.653140,0.653230
2025-11-27 15:31:04.180,0.653130,0.653230
2025-11-27 15:31:05.175,0.653120,0.653230
2025-11-27 15:31:13.394,0.653120,0.653220
2025-11-27 15:31:13.595,0.653120,0.653210
2025-11-27 15:31:13.696,0.653120,0.653220
2025-11-27 15:31:22.162,0.653110,0.653220
2025-11-27 15:31:22.233,0.653110,0.653200
2025-11-27 15:31:25.592,0.653140,0.653210
2025-11-27 15:31:25.693,0.653150,0.653220
2025-11-27 15:31:25.743,0.653150,0.653240
2025-11-27 15:31:26.144,0.653150,0.653230
2025-11-27 15:31:32.797,0.653180,0.653260
2025-11-27 15:31:32.849,0.653170,0.653280
2025-11-27 15:31:32.951,0.653190,0.653280
2025-11-27 15:31:34.571,0.653170,0.653280
2025-11-27 15:31:35.626,0.653190,0.653280
2025-11-27 15:31:37.136,0.653200,0.653290
2025-11-27 15:31:40.980,0.653190,0.653290
2025-11-27 15:31:42.689,0.653190,0.653300
2025-11-27 15:31:48.548,0.653190,0.653280
2025-11-27 15:31:52.265,0.653170,0.653270
2025-11-27 15:31:56.118,0.653160,0.653260
2025-11-27 15:31:56.168,0.653170,0.653280
2025-11-27 15:31:57.122,0.653190,0.653280
2025-11-27 15:32:00.211,0.653180,0.653270
2025-11-27 15:32:00.465,0.653160,0.653260
2025-11-27 15:32:00.567,0.653160,0.653250
2025-11-27 15:32:16.082,0.653180,0.653260
2025-11-27 15:32:16.182,0.653170,0.653250
2025-11-27 15:32:18.566,0.653180,0.653260
2025-11-27 15:32:18.818,0.653170,0.653250
2025-11-27 15:32:23.673,0.653160,0.653250
2025-11-27 15:32:23.727,0.653150,0.653230
2025-11-27 15:32:30.031,0.653140,0.653210
2025-11-27 15:32:30.082,0.653120,0.653220
2025-11-27 15:32:33.192,0.653130,0.653230
2025-11-27 15:32:33.292,0.653150,0.653240
2025-11-27 15:32:45.644,0.653140,0.653230
2025-11-27 15:32:45.795,0.653150,0.653230
2025-11-27 15:32:45.997,0.653140,0.653230
2025-11-27 15:32:46.199,0.653150,0.653230
2025-11-27 15:32:57.978,0.653140,0.653230
2025-11-27 15:33:00.839,0.653120,0.653210
2025-11-27 15:33:09.222,0.653110,0.653200
2025-11-27 15:33:29.618,0.653110,0.653210
2025-11-27 15:33:30.872,0.653120,0.653220
2025-11-27 15:33:30.922,0.653150,0.653240
2025-11-27 15:33:32.191,0.653130,0.653240
2025-11-27 15:33:35.204,0.653130,0.653220
2025-11-27 15:33:46.301,0.653130,0.653210
2025-11-27 15:33:53.045,0.653130,0.653220
2025-11-27 15:34:00.231,0.653120,0.653220
2025-11-27 15:34:01.485,0.653110,0.653210
2025-11-27 15:34:01.589,0.653110,0.653200
2025-11-27 15:34:02.396,0.653110,0.653190
2025-11-27 15:34:07.563,0.653100,0.653190
2025-11-27 15:34:15.434,0.653110,0.653190
2025-11-27 15:34:17.838,0.653100,0.653210
2025-11-27 15:34:27.634,0.653090,0.653190
2025-11-27 15:34:27.849,0.653100,0.653190
2025-11-27 15:34:29.411,0.653100,0.653200
2025-11-27 15:34:31.367,0.653110,0.653200
2025-11-27 15:34:32.369,0.653110,0.653190
2025-11-27 15:34:46.082,0.653110,0.653200
2025-11-27 15:34:51.237,0.653120,0.653200
2025-11-27 15:34:51.538,0.653120,0.653210
2025-11-27 15:34:59.694,0.653120,0.653190
2025-11-27 15:35:05.948,0.653120,0.653200
2025-11-27 15:35:07.507,0.653110,0.653200
2025-11-27 15:35:07.608,0.653120,0.653200
2025-11-27 15:35:07.760,0.653140,0.653220
2025-11-27 15:35:08.110,0.653130,0.653220
2025-11-27 15:35:08.254,0.653110,0.653220
2025-11-27 15:35:08.305,0.653120,0.653200
2025-11-27 15:35:08.708,0.653120,0.653210
2025-11-27 15:35:08.909,0.653120,0.653200
2025-11-27 15:35:12.571,0.653110,0.653190
2025-11-27 15:35:13.626,0.653110,0.653200
2025-11-27 15:35:21.463,0.653110,0.653210
2025-11-27 15:35:21.764,0.653120,0.653210
2025-11-27 15:35:22.217,0.653140,0.653230
2025-11-27 15:35:22.421,0.653140,0.653220
2025-11-27 15:35:34.199,0.653130,0.653250
2025-11-27 15:35:34.550,0.653140,0.653230
2025-11-27 15:35:35.552,0.653150,0.653250
2025-11-27 15:35:39.541,0.653170,0.653250
2025-11-27 15:35:45.145,0.653170,0.653230
2025-11-27 15:35:49.158,0.653160,0.653230
2025-11-27 15:35:49.313,0.653160,0.653240
2025-11-27 15:36:06.915,0.653170,0.653260
2025-11-27 15:36:07.016,0.653170,0.653250
2025-11-27 15:36:24.627,0.653160,0.653270
2025-11-27 15:36:27.886,0.653170,0.653270
2025-11-27 15:36:28.186,0.653170,0.653260
2025-11-27 15:36:28.387,0.653170,0.653250
2025-11-27 15:36:48.807,0.653170,0.653260
2025-11-27 15:37:00.470,0.653170,0.653250
2025-11-27 15:37:00.571,0.653170,0.653260
2025-11-27 15:37:03.529,0.653170,0.653250
2025-11-27 15:37:05.334,0.653140,0.653250
2025-11-27 15:37:05.484,0.653150,0.653250
2025-11-27 15:37:05.635,0.653150,0.653240
2025-11-27 15:37:11.569,0.653160,0.653240
2025-11-27 15:37:11.922,0.653160,0.653260
2025-11-27 15:37:17.067,0.653160,0.653240
2025-11-27 15:37:21.638,0.653170,0.653240
2025-11-27 15:37:30.110,0.653170,0.653250
2025-11-27 15:37:43.353,0.653170,0.653270
2025-11-27 15:37:43.455,0.653200,0.653280
2025-11-27 15:37:53.877,0.653170,0.653270
2025-11-27 15:37:59.989,0.653200,0.653270
2025-11-27 15:38:00.090,0.653180,0.653280
2025-11-27 15:38:00.893,0.653180,0.653250
2025-11-27 15:38:00.994,0.653170,0.653250
2025-11-27 15:38:01.196,0.653160,0.653240
2025-11-27 15:38:01.296,0.653160,0.653230
2025-11-27 15:38:28.127,0.653150,0.653230
2025-11-27 15:38:28.228,0.653150,0.653220
2025-11-27 15:38:30.838,0.653130,0.653200
2025-11-27 15:38:31.941,0.653140,0.653220
2025-11-27 15:38:34.377,0.653120,0.653220
2025-11-27 15:38:34.491,0.653130,0.653220
2025-11-27 15:38:34.741,0.653110,0.653200
2025-11-27 15:38:40.588,0.653140,0.653220
2025-11-27 15:38:40.639,0.653160,0.653230
2025-11-27 15:38:41.391,0.653160,0.653220
2025-11-27 15:38:41.441,0.653140,0.653220
2025-11-27 15:38:42.896,0.653130,0.653220
2025-11-27 15:38:43.097,0.653130,0.653210
2025-11-27 15:38:43.498,0.653120,0.653200
2025-11-27 15:38:45.708,0.653140,0.653220
2025-11-27 15:38:45.859,0.653130,0.653210
2025-11-27 15:38:46.630,0.653130,0.653220
2025-11-27 15:38:48.286,0.653140,0.653220
2025-11-27 15:38:50.391,0.653140,0.653210
2025-11-27 15:38:50.497,0.653130,0.653210
2025-11-27 15:38:54.006,0.653130,0.653230
2025-11-27 15:39:04.051,0.653120,0.653220
2025-11-27 15:39:09.309,0.653140,0.653220
2025-11-27 15:39:10.614,0.653150,0.653230
2025-11-27 15:39:10.715,0.653160,0.653230
2025-11-27 15:39:26.889,0.653150,0.653230
2025-11-27 15:40:06.448,0.653140,0.653220
2025-11-27 15:40:06.549,0.653130,0.653200
2025-11-27 15:40:10.011,0.653140,0.653220
2025-11-27 15:40:13.201,0.653130,0.653200
2025-11-27 15:40:27.796,0.653140,0.653220
2025-11-27 15:40:27.847,0.653160,0.653230
2025-11-27 15:40:45.338,0.653200,0.653280
2025-11-27 15:40:46.461,0.653200,0.653290
2025-11-27 15:40:57.374,0.653190,0.653280
2025-11-27 15:40:57.475,0.653180,0.653240
2025-11-27 15:40:57.525,0.653170,0.653270
2025-11-27 15:40:57.676,0.653190,0.653260
2025-11-27 15:40:57.877,0.653180,0.653280
2025-11-27 15:40:58.027,0.653200,0.653270
2025-11-27 15:40:58.128,0.653190,0.653250
2025-11-27 15:41:00.116,0.653200,0.653280
2025-11-27 15:41:00.269,0.653200,0.653290
2025-11-27 15:41:15.401,0.653200,0.653280
2025-11-27 15:41:26.892,0.653210,0.653290
2025-11-27 15:41:28.697,0.653220,0.653300
2025-11-27 15:41:28.798,0.653210,0.653290
2025-11-27 15:41:46.478,0.653210,0.653310
2025-11-27 15:41:46.580,0.653240,0.653320
2025-11-27 15:41:46.683,0.653230,0.653310
2025-11-27 15:41:47.539,0.653250,0.653330
2025-11-27 15:42:01.615,0.653250,0.653340
2025-11-27 15:42:02.926,0.653260,0.653340
2025-11-27 15:42:16.113,0.653270,0.653370
2025-11-27 15:42:16.275,0.653290,0.653370
2025-11-27 15:42:16.526,0.653280,0.653360
2025-11-27 15:42:19.233,0.653280,0.653350
2025-11-27 15:42:19.333,0.653270,0.653350
2025-11-27 15:42:36.173,0.653250,0.653350
2025-11-27 15:42:45.639,0.653260,0.653330
2025-11-27 15:43:30.976,0.653270,0.653340
2025-11-27 15:43:33.170,0.653240,0.653340
2025-11-27 15:43:42.607,0.653260,0.653330
2025-11-27 15:44:06.918,0.653260,0.653350
2025-11-27 15:44:08.007,0.653300,0.653370
2025-11-27 15:44:08.110,0.653270,0.653360
2025-11-27 15:44:08.210,0.653280,0.653360
2025-11-27 15:44:09.063,0.653270,0.653360
2025-11-27 15:44:09.364,0.653260,0.653350
2025-11-27 15:44:09.565,0.653250,0.653350
2025-11-27 15:44:12.373,0.653260,0.653350
2025-11-27 15:44:12.573,0.653270,0.653350
2025-11-27 15:44:12.623,0.653280,0.653390
2025-11-27 15:44:27.147,0.653280,0.653370
2025-11-27 15:44:40.739,0.653280,0.653360
2025-11-27 15:44:40.842,0.653270,0.653350
2025-11-27 15:44:41.194,0.653250,0.653360
2025-11-27 15:45:00.292,0.653270,0.653350
2025-11-27 15:45:01.447,0.653260,0.653340
2025-11-27 15:45:15.621,0.653270,0.653360
2025-11-27 15:45:15.822,0.653270,0.653350
2025-11-27 15:45:15.922,0.653270,0.653360
2025-11-27 15:45:17.748,0.653270,0.653350
2025-11-27 15:45:18.255,0.653270,0.653340
2025-11-27 15:45:18.355,0.653260,0.653340
2025-11-27 15:46:12.712,0.653230,0.653300
2025-11-27 15:46:15.827,0.653210,0.653280
2025-11-27 15:46:17.875,0.653230,0.653300
2025-11-27 15:46:25.167,0.653220,0.653290
2025-11-27 15:46:30.427,0.653220,0.653300
2025-11-27 15:46:34.574,0.653240,0.653310
2025-11-27 15:46:34.776,0.653220,0.653300
2025-11-27 15:46:41.127,0.653220,0.653290
2025-11-27 15:46:50.493,0.653200,0.653270
2025-11-27 15:46:50.622,0.653210,0.653280
2025-11-27 15:47:00.699,0.653210,0.653300
2025-11-27 15:47:26.420,0.653210,0.653280
2025-11-27 15:47:37.346,0.653220,0.653290
2025-11-27 15:47:44.044,0.653190,0.653250
2025-11-27 15:47:44.095,0.653160,0.653240
2025-11-27 15:48:07.377,0.653150,0.653230
2025-11-27 15:48:25.330,0.653140,0.653220
2025-11-27 15:48:27.189,0.653150,0.653220
2025-11-27 15:48:29.597,0.653150,0.653240
2025-11-27 15:49:24.567,0.653160,0.653240
2025-11-27 15:49:33.317,0.653150,0.653220
2025-11-27 15:49:37.756,0.653150,0.653240
2025-11-27 15:49:38.157,0.653150,0.653220
2025-11-27 15:49:39.209,0.653150,0.653230
2025-11-27 15:49:42.856,0.653160,0.653240
2025-11-27 15:49:42.913,0.653220,0.653290
2025-11-27 15:49:43.018,0.653220,0.653300
2025-11-27 15:49:49.680,0.653250,0.653320
2025-11-27 15:49:51.285,0.653260,0.653330
2025-11-27 15:49:51.787,0.653220,0.653300
2025-11-27 15:49:51.888,0.653210,0.653310
2025-11-27 15:49:52.241,0.653220,0.653320
2025-11-27 15:50:07.203,0.653220,0.653300
2025-11-27 15:50:20.530,0.653210,0.653290
2025-11-27 15:50:33.705,0.653220,0.653300
2025-11-27 15:50:40.077,0.653210,0.653290
2025-11-27 15:50:46.674,0.653200,0.653280
2025-11-27 15:51:00.682,0.653180,0.653260
2025-11-27 15:51:00.833,0.653190,0.653270
2025-11-27 15:51:02.301,0.653190,0.653290
2025-11-27 15:51:05.474,0.653200,0.653300
2025-11-27 15:51:10.968,0.653220,0.653300
2025-11-27 15:51:11.070,0.653260,0.653330
2025-11-27 15:51:11.171,0.653250,0.653350
2025-11-27 15:51:28.079,0.653260,0.653330
2025-11-27 15:51:39.883,0.653240,0.653320
2025-11-27 15:51:40.033,0.653240,0.653310
2025-11-27 15:51:40.237,0.653240,0.653320
2025-11-27 15:51:40.338,0.653240,0.653330
2025-11-27 15:51:49.485,0.653240,0.653340
2025-11-27 15:52:11.843,0.653260,0.653330
2025-11-27 15:52:19.150,0.653250,0.653350
2025-11-27 15:52:26.235,0.653260,0.653330
2025-11-27 15:52:26.437,0.653260,0.653340
2025-11-27 15:52:33.198,0.653270,0.653340
2025-11-27 15:52:36.292,0.653280,0.653350
2025-11-27 15:52:36.394,0.653270,0.653350
2025-11-27 15:52:37.803,0.653270,0.653340
2025-11-27 15:52:54.437,0.653250,0.653330
2025-11-27 15:52:57.492,0.653270,0.653330
2025-11-27 15:52:57.750,0.653270,0.653340
2025-11-27 15:53:04.438,0.653260,0.653330
2025-11-27 15:53:06.098,0.653230,0.653330
2025-11-27 15:53:06.651,0.653250,0.653330
2025-11-27 15:53:07.954,0.653310,0.653400
2025-11-27 15:53:08.105,0.653300,0.653380
2025-11-27 15:53:12.592,0.653290,0.653370
2025-11-27 15:53:12.693,0.653290,0.653380
2025-11-27 15:53:13.195,0.653300,0.653390
2025-11-27 15:53:20.611,0.653290,0.653380
2025-11-27 15:53:42.579,0.653310,0.653380
2025-11-27 15:53:44.435,0.653320,0.653390
2025-11-27 15:53:46.460,0.653310,0.653380
2025-11-27 15:53:48.133,0.653300,0.653380
2025-11-27 15:54:00.335,0.653290,0.653370
2025-11-27 15:54:00.438,0.653290,0.653390
2025-11-27 15:54:00.741,0.653310,0.653390
2025-11-27 15:54:09.932,0.653300,0.653380
2025-11-27 15:54:10.886,0.653280,0.653370
2025-11-27 15:54:11.086,0.653280,0.653360
2025-11-27 15:54:13.974,0.653270,0.653350
2025-11-27 15:54:18.191,0.653290,0.653360
2025-11-27 15:54:18.292,0.653290,0.653370
2025-11-27 15:54:18.393,0.653270,0.653350
2025-11-27 15:54:28.230,0.653270,0.653340
2025-11-27 15:54:28.732,0.653260,0.653340
2025-11-27 15:54:34.482,0.653280,0.653360
2025-11-27 15:54:34.585,0.653290,0.653360
2025-11-27 15:54:34.687,0.653290,0.653370
2025-11-27 15:54:40.613,0.653280,0.653360
2025-11-27 15:54:43.388,0.653290,0.653370
2025-11-27 15:54:43.541,0.653300,0.653370
2025-11-27 15:54:43.947,0.653300,0.653360
2025-11-27 15:54:44.198,0.653300,0.653380
2025-11-27 15:54:49.582,0.653280,0.653380
2025-11-27 15:54:54.241,0.653270,0.653350
2025-11-27 15:54:54.898,0.653270,0.653340
2025-11-27 15:54:56.503,0.653250,0.653350
2025-11-27 15:55:08.204,0.653260,0.653330
2025-11-27 15:55:10.982,0.653250,0.653330
2025-11-27 15:55:18.640,0.653240,0.653320
2025-11-27 15:55:18.791,0.653220,0.653300
2025-11-27 15:55:18.841,0.653200,0.653300
2025-11-27 15:55:36.128,0.653190,0.653260
2025-11-27 15:55:36.231,0.653180,0.653260
2025-11-27 15:55:36.331,0.653190,0.653270
2025-11-27 15:55:37.487,0.653210,0.653280
2025-11-27 15:55:43.135,0.653220,0.653290
2025-11-27 15:55:51.408,0.653210,0.653280
2025-11-27 15:55:55.122,0.653240,0.653320
2025-11-27 15:55:55.172,0.653250,0.653330
2025-11-27 15:56:03.129,0.653260,0.653350
2025-11-27 15:56:05.987,0.653260,0.653330
2025-11-27 15:56:18.532,0.653270,0.653340
2025-11-27 15:56:42.104,0.653250,0.653330
2025-11-27 15:56:44.326,0.653250,0.653320
2025-11-27 15:56:45.381,0.653240,0.653340
2025-11-27 15:56:55.171,0.653270,0.653340
2025-11-27 15:56:58.762,0.653260,0.653330
2025-11-27 15:57:20.093,0.653230,0.653310
2025-11-27 15:57:20.143,0.653200,0.653300
2025-11-27 15:57:20.245,0.653210,0.653290
2025-11-27 15:57:30.984,0.653190,0.653290
2025-11-27 15:57:31.086,0.653190,0.653270
2025-11-27 15:57:31.186,0.653180,0.653260
2025-11-27 15:57:32.275,0.653190,0.653270
2025-11-27 15:57:32.376,0.653200,0.653280
2025-11-27 15:57:33.181,0.653210,0.653290
2025-11-27 15:57:36.191,0.653200,0.653280
2025-11-27 15:57:39.738,0.653210,0.653290
2025-11-27 15:57:43.034,0.653220,0.653300
2025-11-27 15:57:44.696,0.653250,0.653320
2025-11-27 15:57:45.154,0.653250,0.653340
2025-11-27 15:57:55.096,0.653270,0.653350
2025-11-27 15:58:05.871,0.653260,0.653340
2025-11-27 15:58:10.508,0.653260,0.653360
2025-11-27 15:58:10.710,0.653270,0.653370
2025-11-27 15:58:10.810,0.653290,0.653360
2025-11-27 15:58:12.116,0.653290,0.653380
2025-11-27 15:58:14.412,0.653290,0.653360
2025-11-27 15:58:14.613,0.653300,0.653380
2025-11-27 15:58:16.473,0.653300,0.653400
2025-11-27 15:58:16.775,0.653320,0.653400
2025-11-27 15:58:16.826,0.653310,0.653390
2025-11-27 15:58:30.609,0.653300,0.653360
2025-11-27 15:58:30.711,0.653300,0.653370
2025-11-27 15:58:30.811,0.653300,0.653380
2025-11-27 15:58:36.353,0.653300,0.653400
2025-11-27 15:58:40.572,0.653320,0.653400
2025-11-27 15:58:40.739,0.653310,0.653390
2025-11-27 15:58:48.679,0.653300,0.653380
2025-11-27 15:58:48.779,0.653290,0.653380
2025-11-27 15:58:50.133,0.653310,0.653390
2025-11-27 15:58:51.090,0.653320,0.653400
2025-11-27 15:58:55.167,0.653330,0.653410
2025-11-27 15:58:55.267,0.653350,0.653430
2025-11-27 15:59:02.628,0.653360,0.653440
2025-11-27 15:59:03.681,0.653340,0.653440
2025-11-27 15:59:05.235,0.653340,0.653400
2025-11-27 15:59:05.387,0.653320,0.653420
2025-11-27 15:59:06.092,0.653350,0.653420
2025-11-27 15:59:08.291,0.653320,0.653420
2025-11-27 15:59:13.229,0.653320,0.653400
2025-11-27 15:59:16.468,0.653310,0.653380
2025-11-27 15:59:18.731,0.653300,0.653380
2025-11-27 15:59:23.237,0.653310,0.653390
2025-11-27 15:59:24.541,0.653300,0.653380
2025-11-27 15:59:24.692,0.653310,0.653380
2025-11-27 15:59:24.892,0.653310,0.653390
2025-11-27 15:59:30.090,0.653320,0.653390
2025-11-27 15:59:33.902,0.653310,0.653390
2025-11-27 15:59:34.515,0.653320,0.653400
2025-11-27 15:59:37.284,0.653310,0.653390
2025-11-27 15:59:43.937,0.653320,0.653400
2025-11-27 15:59:44.539,0.653310,0.653390
2025-11-27 15:59:46.296,0.653300,0.653390
2025-11-27 15:59:46.398,0.653310,0.653390
2025-11-27 16:00:08.208,0.653310,0.653410
2025-11-27 16:00:12.212,0.653300,0.653400
2025-11-27 16:00:24.623,0.653310,0.653380
2025-11-27 16:00:24.827,0.653300,0.653380
2025-11-27 16:00:25.798,0.653310,0.653390
2025-11-27 16:00:25.899,0.653300,0.653400
2025-11-27 16:00:26.000,0.653320,0.653390
2025-11-27 16:00:31.774,0.653330,0.653400
2025-11-27 16:00:32.978,0.653310,0.653390
2025-11-27 16:00:36.420,0.653320,0.653390
2025-11-27 16:00:36.672,0.653330,0.653400
2025-11-27 16:00:36.973,0.653320,0.653390
2025-11-27 16:00:37.074,0.653320,0.653400
2025-11-27 16:00:38.128,0.653300,0.653400
2025-11-27 16:01:11.097,0.653320,0.653400
2025-11-27 16:01:11.398,0.653310,0.653390
2025-11-27 16:01:17.116,0.653290,0.653390
2025-11-27 16:01:21.924,0.653310,0.653390
2025-11-27 16:01:24.282,0.653320,0.653390
2025-11-27 16:01:26.138,0.653310,0.653380
2025-11-27 16:01:26.891,0.653310,0.653390
2025-11-27 16:01:32.707,0.653300,0.653370
2025-11-27 16:01:33.912,0.653310,0.653380
2025-11-27 16:01:37.054,0.653290,0.653380
2025-11-27 16:01:37.155,0.653310,0.653380
2025-11-27 16:01:42.391,0.653320,0.653400
2025-11-27 16:01:45.002,0.653300,0.653400
2025-11-27 16:01:54.471,0.653320,0.653390
2025-11-27 16:01:54.544,0.653310,0.653410
2025-11-27 16:02:02.164,0.653310,0.653390
2025-11-27 16:02:03.711,0.653300,0.653380
2025-11-27 16:02:07.271,0.653270,0.653350
2025-11-27 16:02:07.371,0.653280,0.653360
2025-11-27 16:02:08.122,0.653280,0.653370
2025-11-27 16:02:08.223,0.653280,0.653360
2025-11-27 16:02:08.323,0.653260,0.653360
2025-11-27 16:02:16.538,0.653260,0.653340
2025-11-27 16:02:17.555,0.653250,0.653340
2025-11-27 16:02:20.471,0.653250,0.653320
2025-11-27 16:02:20.722,0.653260,0.653330
2025-11-27 16:02:21.725,0.653250,0.653320
2025-11-27 16:02:21.877,0.653240,0.653340
2025-11-27 16:02:25.039,0.653260,0.653340
2025-11-27 16:02:25.139,0.653280,0.653360
2025-11-27 16:02:25.240,0.653270,0.653340
2025-11-27 16:02:26.192,0.653280,0.653360
2025-11-27 16:02:29.048,0.653290,0.653370
2025-11-27 16:02:29.349,0.653300,0.653380
2025-11-27 16:02:30.392,0.653290,0.653360
2025-11-27 16:02:30.595,0.653290,0.653380
2025-11-27 16:02:30.645,0.653300,0.653400
2025-11-27 16:02:32.021,0.653300,0.653370
2025-11-27 16:02:33.685,0.653290,0.653350
2025-11-27 16:02:33.787,0.653270,0.653350
2025-11-27 16:02:36.945,0.653280,0.653360
2025-11-27 16:02:36.995,0.653300,0.653370
2025-11-27 16:02:44.791,0.653280,0.653360
2025-11-27 16:02:44.899,0.653270,0.653350
2025-11-27 16:02:45.304,0.653300,0.653370
2025-11-27 16:02:45.405,0.653300,0.653380
2025-11-27 16:02:45.719,0.653300,0.653400
2025-11-27 16:02:56.629,0.653300,0.653380
2025-11-27 16:03:10.532,0.653290,0.653370
2025-11-27 16:03:12.868,0.653280,0.653360
2025-11-27 16:03:13.019,0.653270,0.653350
2025-11-27 16:03:19.713,0.653270,0.653360
2025-11-27 16:03:19.814,0.653290,0.653380
2025-11-27 16:03:20.866,0.653280,0.653350
2025-11-27 16:03:21.017,0.653270,0.653350
2025-11-27 16:03:24.220,0.653250,0.653350
2025-11-27 16:03:24.322,0.653230,0.653310
2025-11-27 16:03:24.423,0.653230,0.653300
2025-11-27 16:03:24.525,0.653210,0.653310
2025-11-27 16:03:25.779,0.653230,0.653300
2025-11-27 16:03:25.829,0.653240,0.653320
2025-11-27 16:03:27.529,0.653230,0.653320
2025-11-27 16:03:27.680,0.653220,0.653320
2025-11-27 16:03:32.046,0.653220,0.653330
2025-11-27 16:03:35.249,0.653230,0.653310
2025-11-27 16:03:35.399,0.653220,0.653310
2025-11-27 16:03:39.059,0.653220,0.653290
2025-11-27 16:03:44.948,0.653200,0.653300
2025-11-27 16:03:45.099,0.653220,0.653290
2025-11-27 16:03:46.302,0.653210,0.653280
2025-11-27 16:03:53.093,0.653220,0.653290
2025-11-27 16:03:56.283,0.653220,0.653310
2025-11-27 16:03:56.433,0.653240,0.653310
2025-11-27 16:03:56.936,0.653240,0.653320
2025-11-27 16:03:58.741,0.653220,0.653330
2025-11-27 16:04:00.094,0.653230,0.653300
2025-11-27 16:04:00.195,0.653220,0.653300
2025-11-27 16:04:01.938,0.653210,0.653290
2025-11-27 16:04:28.354,0.653200,0.653280
2025-11-27 16:04:28.755,0.653180,0.653280
2025-11-27 16:04:28.855,0.653160,0.653240
2025-11-27 16:04:29.408,0.653170,0.653250
2025-11-27 16:04:31.419,0.653170,0.653240
2025-11-27 16:04:33.123,0.653170,0.653250
2025-11-27 16:04:39.179,0.653170,0.653240
2025-11-27 16:04:40.933,0.653150,0.653250
2025-11-27 16:04:55.154,0.653160,0.653250
2025-11-27 16:05:00.120,0.653150,0.653250
2025-11-27 16:05:00.321,0.653150,0.653230
2025-11-27 16:05:05.047,0.653150,0.653220
2025-11-27 16:05:05.758,0.653130,0.653230
2025-11-27 16:05:05.859,0.653150,0.653230
2025-11-27 16:05:08.074,0.653160,0.653240
2025-11-27 16:05:54.175,0.653150,0.653230
2025-11-27 16:06:00.168,0.653160,0.653240
2025-11-27 16:06:02.231,0.653150,0.653230
2025-11-27 16:06:06.934,0.653140,0.653210
2025-11-27 16:06:07.053,0.653120,0.653210
2025-11-27 16:06:08.506,0.653100,0.653210
2025-11-27 16:06:09.211,0.653090,0.653200
2025-11-27 16:06:14.670,0.653110,0.653200
2025-11-27 16:06:21.354,0.653100,0.653200
2025-11-27 16:06:23.414,0.653130,0.653210
2025-11-27 16:06:23.465,0.653140,0.653220
2025-11-27 16:06:24.417,0.653140,0.653210
2025-11-27 16:06:24.868,0.653120,0.653220
2025-11-27 16:06:28.542,0.653140,0.653220
2025-11-27 16:06:28.647,0.653150,0.653230
2025-11-27 16:06:28.748,0.653140,0.653220
2025-11-27 16:06:28.951,0.653130,0.653210
2025-11-27 16:06:35.924,0.653120,0.653210
2025-11-27 16:06:39.334,0.653110,0.653210
2025-11-27 16:06:42.364,0.653090,0.653170
2025-11-27 16:06:42.516,0.653080,0.653170
2025-11-27 16:06:45.183,0.653080,0.653160
2025-11-27 16:06:45.285,0.653060,0.653160
2025-11-27 16:06:55.568,0.653060,0.653140
2025-11-27 16:06:55.669,0.653040,0.653140
2025-11-27 16:06:59.098,0.653060,0.653130
2025-11-27 16:07:05.257,0.653060,0.653120
2025-11-27 16:07:08.465,0.653040,0.653120
2025-11-27 16:07:08.567,0.653020,0.653120
2025-11-27 16:07:17.358,0.653020,0.653100
2025-11-27 16:07:17.461,0.653020,0.653090
2025-11-27 16:07:18.216,0.653030,0.653090
2025-11-27 16:07:22.018,0.653020,0.653090
2025-11-27 16:07:27.148,0.653030,0.653090
2025-11-27 16:07:27.249,0.653010,0.653090
2025-11-27 16:07:36.659,0.653000,0.653090
2025-11-27 16:07:36.760,0.652980,0.653090
2025-11-27 16:07:41.262,0.652990,0.653090
2025-11-27 16:07:48.021,0.653000,0.653090
2025-11-27 16:07:57.623,0.653030,0.653100
2025-11-27 16:07:57.725,0.653030,0.653110
2025-11-27 16:07:57.876,0.653030,0.653100
2025-11-27 16:08:05.869,0.653030,0.653110
2025-11-27 16:08:06.023,0.653020,0.653110
2025-11-27 16:08:08.155,0.653020,0.653100
2025-11-27 16:08:08.607,0.653020,0.653090
2025-11-27 16:08:10.512,0.653020,0.653100
2025-11-27 16:08:15.171,0.653030,0.653100
2025-11-27 16:08:15.321,0.653020,0.653100
2025-11-27 16:08:29.248,0.653030,0.653110
2025-11-27 16:08:29.348,0.653020,0.653110
2025-11-27 16:08:29.449,0.653020,0.653100
2025-11-27 16:08:47.333,0.653010,0.653100
2025-11-27 16:08:47.434,0.653010,0.653090
2025-11-27 16:08:51.342,0.653030,0.653090
2025-11-27 16:08:51.844,0.653010,0.653090
2025-11-27 16:08:53.322,0.653030,0.653090
2025-11-27 16:08:55.586,0.653020,0.653120
2025-11-27 16:09:00.219,0.653040,0.653110
2025-11-27 16:09:00.923,0.653050,0.653110
2025-11-27 16:09:04.330,0.653030,0.653110
2025-11-27 16:09:04.481,0.653020,0.653110
2025-11-27 16:09:06.286,0.653020,0.653130
2025-11-27 16:09:06.387,0.653030,0.653110
2025-11-27 16:09:06.911,0.653020,0.653110
2025-11-27 16:09:07.517,0.653040,0.653120
2025-11-27 16:09:07.618,0.653050,0.653120
2025-11-27 16:09:14.195,0.653040,0.653110
2025-11-27 16:09:15.051,0.653040,0.653120
2025-11-27 16:09:16.410,0.653040,0.653110
2025-11-27 16:09:32.310,0.653040,0.653120
2025-11-27 16:09:37.597,0.653050,0.653120
2025-11-27 16:09:43.785,0.653050,0.653130
2025-11-27 16:09:45.249,0.653070,0.653140
2025-11-27 16:09:45.299,0.653070,0.653170
2025-11-27 16:09:45.402,0.653090,0.653170
2025-11-27 16:09:45.686,0.653100,0.653170
2025-11-27 16:09:55.726,0.653100,0.653180
2025-11-27 16:09:56.081,0.653100,0.653190
2025-11-27 16:10:00.144,0.653130,0.653190
2025-11-27 16:10:00.245,0.653150,0.653220
2025-11-27 16:10:00.349,0.653150,0.653240
2025-11-27 16:10:00.851,0.653150,0.653230
2025-11-27 16:10:01.540,0.653120,0.653210
2025-11-27 16:10:01.644,0.653140,0.653210
2025-11-27 16:10:01.746,0.653140,0.653220
2025-11-27 16:10:09.193,0.653120,0.653210
2025-11-27 16:10:15.032,0.653100,0.653180
2025-11-27 16:10:15.892,0.653110,0.653180
2025-11-27 16:10:16.093,0.653100,0.653180
2025-11-27 16:10:22.233,0.653090,0.653180
2025-11-27 16:10:26.889,0.653080,0.653170
2025-11-27 16:10:26.991,0.653060,0.653140
2025-11-27 16:10:44.377,0.653050,0.653130
2025-11-27 16:10:44.477,0.653060,0.653140
2025-11-27 16:10:54.098,0.653070,0.653160
2025-11-27 16:10:54.200,0.653100,0.653170
2025-11-27 16:10:54.302,0.653100,0.653180
2025-11-27 16:10:58.793,0.653110,0.653190
2025-11-27 16:11:04.113,0.653130,0.653200
2025-11-27 16:11:14.699,0.653100,0.653210
2025-11-27 16:11:18.782,0.653120,0.653200
2025-11-27 16:11:19.194,0.653130,0.653230
2025-11-27 16:11:19.294,0.653130,0.653210
2025-11-27 16:11:31.387,0.653100,0.653210
2025-11-27 16:11:33.297,0.653100,0.653190
2025-11-27 16:11:38.557,0.653090,0.653180
2025-11-27 16:11:38.709,0.653090,0.653190
2025-11-27 16:11:51.375,0.653110,0.653190
2025-11-27 16:11:51.678,0.653100,0.653210
2025-11-27 16:11:57.086,0.653120,0.653200
2025-11-27 16:11:57.338,0.653110,0.653200
2025-11-27 16:12:18.171,0.653100,0.653190
2025-11-27 16:12:33.859,0.653110,0.653200
2025-11-27 16:12:37.581,0.653110,0.653190
2025-11-27 16:12:42.862,0.653110,0.653200
2025-11-27 16:12:52.251,0.653090,0.653200
2025-11-27 16:13:15.375,0.653080,0.653170
2025-11-27 16:13:15.477,0.653080,0.653190
2025-11-27 16:13:16.885,0.653100,0.653190
2025-11-27 16:13:16.988,0.653110,0.653190
2025-11-27 16:13:23.971,0.653110,0.653210
2025-11-27 16:13:24.212,0.653130,0.653200
2025-11-27 16:13:26.973,0.653120,0.653200
2025-11-27 16:13:27.173,0.653140,0.653210
2025-11-27 16:13:27.274,0.653140,0.653220
2025-11-27 16:13:28.576,0.653120,0.653210
2025-11-27 16:13:36.943,0.653110,0.653200
2025-11-27 16:13:37.144,0.653110,0.653190
2025-11-27 16:13:38.817,0.653130,0.653200
2025-11-27 16:13:39.069,0.653120,0.653220
2025-11-27 16:13:44.386,0.653130,0.653200
2025-11-27 16:13:50.237,0.653120,0.653220
2025-11-27 16:13:51.093,0.653100,0.653220
2025-11-27 16:14:00.034,0.653120,0.653210
2025-11-27 16:14:00.386,0.653110,0.653210
2025-11-27 16:14:01.686,0.653120,0.653210
2025-11-27 16:14:01.805,0.653130,0.653220
2025-11-27 16:14:02.006,0.653130,0.653230
2025-11-27 16:14:06.312,0.653140,0.653230
2025-11-27 16:14:06.865,0.653130,0.653230
2025-11-27 16:14:12.424,0.653140,0.653230
2025-11-27 16:14:15.681,0.653170,0.653240
2025-11-27 16:14:15.731,0.653190,0.653270
2025-11-27 16:14:15.832,0.653190,0.653280
2025-11-27 16:14:22.218,0.653200,0.653280
2025-11-27 16:14:26.877,0.653210,0.653290
2025-11-27 16:14:26.980,0.653220,0.653290
2025-11-27 16:14:27.234,0.653220,0.653310
2025-11-27 16:14:27.335,0.653240,0.653330
2025-11-27 16:14:31.395,0.653220,0.653300
2025-11-27 16:14:34.056,0.653220,0.653310
2025-11-27 16:14:42.638,0.653230,0.653310
2025-11-27 16:14:43.994,0.653210,0.653320
2025-11-27 16:14:48.178,0.653220,0.653300
2025-11-27 16:15:07.070,0.653210,0.653290
2025-11-27 16:15:18.652,0.653200,0.653280
2025-11-27 16:15:31.641,0.653170,0.653260
2025-11-27 16:15:33.079,0.653170,0.653280
2025-11-27 16:15:33.180,0.653170,0.653270
2025-11-27 16:15:33.280,0.653180,0.653270
2025-11-27 16:15:33.481,0.653200,0.653270
2025-11-27 16:15:34.283,0.653190,0.653290
2025-11-27 16:15:40.063,0.653180,0.653260
2025-11-27 16:16:02.836,0.653160,0.653260
2025-11-27 16:16:03.692,0.653170,0.653270
2025-11-27 16:16:03.796,0.653170,0.653260
2025-11-27 16:16:03.878,0.653190,0.653270
2025-11-27 16:16:04.540,0.653180,0.653260
2025-11-27 16:16:04.741,0.653180,0.653270
2025-11-27 16:16:04.842,0.653190,0.653270
2025-11-27 16:16:04.942,0.653190,0.653280
2025-11-27 16:16:09.108,0.653180,0.653260
2025-11-27 16:16:09.259,0.653170,0.653250
2025-11-27 16:16:37.260,0.653180,0.653260
2025-11-27 16:16:38.132,0.653190,0.653270
2025-11-27 16:16:38.284,0.653190,0.653280
2025-11-27 16:16:40.144,0.653200,0.653280
2025-11-27 16:16:40.417,0.653200,0.653290
2025-11-27 16:16:46.625,0.653200,0.653280
2025-11-27 16:17:16.448,0.653240,0.653320
2025-11-27 16:17:18.058,0.653250,0.653330
2025-11-27 16:17:20.165,0.653250,0.653350
2025-11-27 16:17:20.271,0.653250,0.653330
2025-11-27 16:17:23.339,0.653260,0.653340
2025-11-27 16:17:27.293,0.653230,0.653310
2025-11-27 16:17:27.398,0.653220,0.653310
2025-11-27 16:17:33.994,0.653210,0.653300
2025-11-27 16:18:01.699,0.653220,0.653310
2025-11-27 16:18:44.470,0.653210,0.653310
2025-11-27 16:18:47.132,0.653220,0.653310
2025-11-27 16:18:48.938,0.653240,0.653320
2025-11-27 16:18:50.168,0.653250,0.653330
2025-11-27 16:18:59.327,0.653250,0.653350
2025-11-27 16:19:24.390,0.653240,0.653350
2025-11-27 16:19:30.273,0.653230,0.653350
2025-11-27 16:19:34.302,0.653230,0.653330
2025-11-27 16:19:34.403,0.653220,0.653320
2025-11-27 16:19:41.150,0.653200,0.653320
2025-11-27 16:20:35.285,0.653190,0.653310
2025-11-27 16:20:35.489,0.653200,0.653290
2025-11-27 16:20:42.080,0.653190,0.653290
2025-11-27 16:20:55.420,0.653200,0.653290
2025-11-27 16:20:55.823,0.653200,0.653300
2025-11-27 16:21:11.348,0.653190,0.653300
2025-11-27 16:21:21.531,0.653200,0.653300
2025-11-27 16:21:41.862,0.653200,0.653290
2025-11-27 16:21:51.859,0.653190,0.653310
2025-11-27 16:22:02.198,0.653170,0.653290
2025-11-27 16:22:02.298,0.653170,0.653270
2025-11-27 16:22:06.761,0.653180,0.653280
2025-11-27 16:22:07.114,0.653180,0.653290
2025-11-27 16:22:07.214,0.653180,0.653280
2025-11-27 16:22:07.264,0.653190,0.653290
2025-11-27 16:22:18.109,0.653190,0.653280
2025-11-27 16:22:25.090,0.653180,0.653280
2025-11-27 16:22:38.494,0.653180,0.653260
2025-11-27 16:22:38.596,0.653160,0.653280
2025-11-27 16:22:38.698,0.653160,0.653260
2025-11-27 16:22:40.454,0.653170,0.653260
2025-11-27 16:22:42.109,0.653180,0.653260
2025-11-27 16:22:42.461,0.653170,0.653290
2025-11-27 16:22:44.053,0.653190,0.653280
2025-11-27 16:22:54.121,0.653190,0.653290
2025-11-27 16:22:57.124,0.653220,0.653300
2025-11-27 16:22:57.276,0.653240,0.653310
2025-11-27 16:22:57.327,0.653240,0.653340
2025-11-27 16:22:57.479,0.653240,0.653330
2025-11-27 16:22:57.932,0.653230,0.653330
2025-11-27 16:22:59.737,0.653210,0.653320
2025-11-27 16:23:05.420,0.653220,0.653320
2025-11-27 16:23:10.288,0.653210,0.653310
2025-11-27 16:23:11.044,0.653210,0.653320
2025-11-27 16:23:17.321,0.653220,0.653300
2025-11-27 16:23:17.478,0.653210,0.653300
2025-11-27 16:23:19.956,0.653200,0.653300
2025-11-27 16:24:31.392,0.653200,0.653290
2025-11-27 16:24:41.358,0.653190,0.653300
2025-11-27 16:24:49.648,0.653180,0.653300
2025-11-27 16:24:51.854,0.653190,0.653300
2025-11-27 16:25:21.997,0.653240,0.653310
2025-11-27 16:25:22.048,0.653240,0.653340
2025-11-27 16:25:22.149,0.653230,0.653350
2025-11-27 16:25:22.250,0.653250,0.653350
2025-11-27 16:25:23.872,0.653240,0.653340
2025-11-27 16:25:29.415,0.653250,0.653350
2025-11-27 16:25:40.559,0.653250,0.653340
2025-11-27 16:25:47.463,0.653250,0.653350
2025-11-27 16:26:01.876,0.653260,0.653350
2025-11-27 16:26:05.318,0.653250,0.653350
2025-11-27 16:26:05.871,0.653260,0.653350
2025-11-27 16:26:12.209,0.653250,0.653350
2025-11-27 16:26:34.009,0.653250,0.653340
2025-11-27 16:26:52.198,0.653250,0.653350
2025-11-27 16:27:01.089,0.653260,0.653330
2025-11-27 16:27:10.533,0.653260,0.653340
2025-11-27 16:27:10.890,0.653260,0.653350
2025-11-27 16:27:14.348,0.653280,0.653360
2025-11-27 16:27:14.399,0.653290,0.653380
2025-11-27 16:27:21.165,0.653280,0.653350
2025-11-27 16:27:21.265,0.653260,0.653360
2025-11-27 16:27:39.391,0.653270,0.653350
2025-11-27 16:27:45.153,0.653290,0.653370
2025-11-27 16:27:45.355,0.653290,0.653380
2025-11-27 16:27:57.687,0.653290,0.653400
2025-11-27 16:27:57.839,0.653290,0.653380
2025-11-27 16:27:58.805,0.653300,0.653390
2025-11-27 16:27:59.307,0.653280,0.653390
2025-11-27 16:28:00.026,0.653280,0.653380
2025-11-27 16:28:01.414,0.653270,0.653370
2025-11-27 16:28:01.515,0.653250,0.653370
2025-11-27 16:28:03.873,0.653260,0.653360
2025-11-27 16:28:06.927,0.653230,0.653350
2025-11-27 16:28:07.129,0.653240,0.653340
2025-11-27 16:28:23.590,0.653260,0.653340
2025-11-27 16:28:23.892,0.653250,0.653360
2025-11-27 16:28:42.801,0.653260,0.653370
2025-11-27 16:28:45.671,0.653260,0.653350
2025-11-27 16:29:43.369,0.653250,0.653340
2025-11-27 16:29:49.247,0.653250,0.653360
2025-11-27 16:29:49.353,0.653260,0.653360
2025-11-27 16:29:49.457,0.653280,0.653360
2025-11-27 16:29:49.561,0.653280,0.653370
2025-11-27 16:29:50.113,0.653270,0.653360
2025-11-27 16:29:58.087,0.653290,0.653360
2025-11-27 16:29:58.187,0.653280,0.653380
2025-11-27 16:29:59.089,0.653270,0.653350
2025-11-27 16:29:59.190,0.653260,0.653340
2025-11-27 16:30:01.102,0.653260,0.653330
2025-11-27 16:30:36.495,0.653220,0.653340
2025-11-27 16:30:36.595,0.653210,0.653330
2025-11-27 16:30:36.746,0.653210,0.653320
2025-11-27 16:30:36.846,0.653210,0.653310
2025-11-27 16:30:50.686,0.653210,0.653290
2025-11-27 16:30:50.786,0.653200,0.653290
2025-11-27 16:30:58.374,0.653190,0.653270
2025-11-27 16:30:58.525,0.653180,0.653260
2025-11-27 16:30:58.626,0.653170,0.653260
2025-11-27 16:30:59.429,0.653160,0.653240
2025-11-27 16:31:00.181,0.653140,0.653230
2025-11-27 16:31:00.534,0.653130,0.653220
2025-11-27 16:31:03.004,0.653130,0.653210
2025-11-27 16:31:04.366,0.653120,0.653210
2025-11-27 16:31:17.318,0.653110,0.653210
2025-11-27 16:31:38.201,0.653120,0.653210
2025-11-27 16:31:38.356,0.653110,0.653210
2025-11-27 16:31:38.608,0.653100,0.653200
2025-11-27 16:31:43.421,0.653090,0.653200
2025-11-27 16:31:43.551,0.653090,0.653210
2025-11-27 16:31:44.107,0.653090,0.653190
2025-11-27 16:31:46.314,0.653110,0.653200
2025-11-27 16:32:03.492,0.653100,0.653220
2025-11-27 16:32:37.615,0.653120,0.653220
2025-11-27 16:32:37.767,0.653110,0.653220
2025-11-27 16:32:37.876,0.653100,0.653190
2025-11-27 16:32:38.033,0.653090,0.653190
2025-11-27 16:32:38.134,0.653070,0.653190
2025-11-27 16:32:40.731,0.653070,0.653170
2025-11-27 16:32:40.884,0.653060,0.653150
2025-11-27 16:32:40.986,0.653060,0.653140
2025-11-27 16:32:41.086,0.653040,0.653140
2025-11-27 16:32:53.455,0.653030,0.653120
2025-11-27 16:32:53.557,0.653020,0.653140
2025-11-27 16:32:53.658,0.653040,0.653130
2025-11-27 16:33:09.150,0.653030,0.653130
2025-11-27 16:33:13.687,0.653020,0.653120
2025-11-27 16:33:25.040,0.653040,0.653120
2025-11-27 16:33:35.138,0.653040,0.653140
2025-11-27 16:34:09.984,0.653050,0.653140
2025-11-27 16:34:12.748,0.653080,0.653160
2025-11-27 16:34:12.850,0.653070,0.653150
2025-11-27 16:34:13.050,0.653070,0.653160
2025-11-27 16:34:22.560,0.653060,0.653150
2025-11-27 16:34:25.179,0.653070,0.653160
2025-11-27 16:34:29.690,0.653090,0.653170
2025-11-27 16:34:29.991,0.653080,0.653190
2025-11-27 16:34:48.084,0.653100,0.653190
2025-11-27 16:34:53.759,0.653140,0.653220
2025-11-27 16:34:55.742,0.653130,0.653240
2025-11-27 16:34:59.324,0.653140,0.653220
2025-11-27 16:35:04.401,0.653150,0.653230
2025-11-27 16:35:10.497,0.653130,0.653220
2025-11-27 16:35:11.549,0.653110,0.653210
2025-11-27 16:35:14.039,0.653130,0.653210
2025-11-27 16:35:14.442,0.653140,0.653220
2025-11-27 16:35:20.684,0.653130,0.653240
2025-11-27 16:35:33.398,0.653150,0.653230
2025-11-27 16:35:44.319,0.653150,0.653240
2025-11-27 16:36:04.000,0.653180,0.653250
2025-11-27 16:36:04.103,0.653190,0.653280
2025-11-27 16:36:04.254,0.653190,0.653290
2025-11-27 16:36:52.987,0.653200,0.653270
2025-11-27 16:36:53.238,0.653190,0.653290
2025-11-27 16:36:57.633,0.653210,0.653290
2025-11-27 16:36:58.586,0.653210,0.653320
2025-11-27 16:37:11.333,0.653230,0.653330
2025-11-27 16:37:11.637,0.653230,0.653350
2025-11-27 16:38:31.846,0.653250,0.653340
2025-11-27 16:38:34.660,0.653230,0.653320
2025-11-27 16:38:51.353,0.653240,0.653320
2025-11-27 16:38:51.655,0.653240,0.653330
2025-11-27 16:38:53.260,0.653230,0.653330
2025-11-27 16:39:01.714,0.653230,0.653320
2025-11-27 16:39:03.151,0.653220,0.653320
2025-11-27 16:39:03.302,0.653230,0.653320
2025-11-27 16:39:22.173,0.653250,0.653330
2025-11-27 16:39:36.797,0.653250,0.653320
2025-11-27 16:39:41.560,0.653250,0.653330
2025-11-27 16:39:47.451,0.653260,0.653320
2025-11-27 16:39:47.502,0.653240,0.653320
2025-11-27 16:39:50.928,0.653230,0.653320
2025-11-27 16:40:03.282,0.653210,0.653320
2025-11-27 16:40:09.298,0.653220,0.653310
2025-11-27 16:40:13.067,0.653210,0.653300
2025-11-27 16:40:13.167,0.653190,0.653310
2025-11-27 16:40:13.418,0.653200,0.653290
2025-11-27 16:40:14.473,0.653200,0.653280
2025-11-27 16:40:14.774,0.653200,0.653290
2025-11-27 16:41:09.557,0.653200,0.653280
2025-11-27 16:41:20.229,0.653180,0.653270
2025-11-27 16:41:27.630,0.653180,0.653260
2025-11-27 16:41:27.731,0.653170,0.653250
2025-11-27 16:41:29.090,0.653160,0.653270
2025-11-27 16:41:29.191,0.653160,0.653250
2025-11-27 16:41:29.293,0.653150,0.653240
2025-11-27 16:41:53.614,0.653160,0.653250
2025-11-27 16:41:57.148,0.653180,0.653260
2025-11-27 16:42:46.972,0.653190,0.653260
2025-11-27 16:42:47.073,0.653200,0.653290
2025-11-27 16:42:53.002,0.653210,0.653290
2025-11-27 16:43:00.344,0.653200,0.653290
2025-11-27 16:43:04.223,0.653200,0.653300
2025-11-27 16:43:10.290,0.653190,0.653290
2025-11-27 16:43:44.484,0.653210,0.653290
2025-11-27 16:43:51.743,0.653190,0.653290
2025-11-27 16:44:20.148,0.653190,0.653270
2025-11-27 16:44:20.250,0.653150,0.653250
2025-11-27 16:44:22.057,0.653150,0.653240
2025-11-27 16:44:56.161,0.653160,0.653240
2025-11-27 16:44:57.171,0.653150,0.653240
2025-11-27 16:45:00.286,0.653140,0.653240
2025-11-27 16:45:04.625,0.653130,0.653210
2025-11-27 16:45:04.732,0.653110,0.653210
2025-11-27 16:45:04.835,0.653120,0.653190
2025-11-27 16:45:16.149,0.653100,0.653190
2025-11-27 16:46:11.193,0.653110,0.653190
2025-11-27 16:46:33.110,0.653090,0.653180
2025-11-27 16:46:33.160,0.653070,0.653170
2025-11-27 16:46:36.576,0.653080,0.653150
2025-11-27 16:46:38.809,0.653070,0.653150
2025-11-27 16:46:38.860,0.653040,0.653150
2025-11-27 16:46:39.012,0.653040,0.653160
2025-11-27 16:47:01.019,0.653050,0.653140
2025-11-27 16:47:01.230,0.653040,0.653140
2025-11-27 16:47:11.020,0.653040,0.653130
2025-11-27 16:47:21.550,0.653030,0.653130
2025-11-27 16:48:01.214,0.653020,0.653130
2025-11-27 16:48:14.155,0.653020,0.653110
2025-11-27 16:48:14.257,0.653010,0.653090
2025-11-27 16:48:14.359,0.652980,0.653100
2025-11-27 16:48:44.323,0.653010,0.653090
2025-11-27 16:49:02.441,0.653000,0.653080
2025-11-27 16:49:26.274,0.652990,0.653090
2025-11-27 16:49:55.248,0.653020,0.653110
2025-11-27 16:49:55.302,0.653030,0.653120
2025-11-27 16:49:55.403,0.653030,0.653130
2025-11-27 16:49:56.464,0.653040,0.653130
2025-11-27 16:50:00.779,0.653040,0.653140
2025-11-27 16:50:17.769,0.653040,0.653150
2025-11-27 16:50:19.075,0.653040,0.653140
2025-11-27 16:50:38.870,0.653040,0.653130
2025-11-27 16:50:38.971,0.653030,0.653130
2025-11-27 16:51:01.748,0.653020,0.653120
2025-11-27 16:51:01.848,0.653010,0.653100
2025-11-27 16:51:01.999,0.653000,0.653090
2025-11-27 16:51:07.576,0.652980,0.653100
2025-11-27 16:51:17.060,0.653010,0.653090
2025-11-27 16:52:12.074,0.653000,0.653090
2025-11-27 16:52:45.112,0.653010,0.653110
2025-11-27 16:52:45.213,0.653030,0.653100
2025-11-27 16:52:45.313,0.653030,0.653110
2025-11-27 16:52:45.864,0.653040,0.653120
2025-11-27 16:52:46.417,0.653050,0.653130
2025-11-27 16:53:01.876,0.653030,0.653130
2025-11-27 16:53:01.978,0.653010,0.653110
2025-11-27 16:53:03.749,0.653020,0.653120
2025-11-27 16:53:04.054,0.653040,0.653120
2025-11-27 16:53:11.704,0.653020,0.653120
2025-11-27 16:53:31.351,0.653040,0.653110
2025-11-27 16:53:31.452,0.653030,0.653130
2025-11-27 16:53:32.255,0.653040,0.653140
2025-11-27 16:53:32.457,0.653050,0.653150
2025-11-27 16:53:42.479,0.653050,0.653130
2025-11-27 16:54:07.743,0.653030,0.653130
2025-11-27 16:54:11.055,0.653030,0.653110
2025-11-27 16:54:26.953,0.653020,0.653100
2025-11-27 16:55:04.330,0.653010,0.653090
2025-11-27 16:55:39.234,0.653020,0.653100
2025-11-27 16:55:49.753,0.653020,0.653120
2025-11-27 16:55:51.863,0.653040,0.653120
2025-11-27 16:56:00.449,0.653040,0.653110
2025-11-27 16:56:10.324,0.653030,0.653110
2025-11-27 16:56:10.676,0.653040,0.653120
2025-11-27 16:56:10.928,0.653040,0.653110
2025-11-27 16:56:11.030,0.653030,0.653110
2025-11-27 16:56:16.045,0.653050,0.653130
2025-11-27 16:56:19.181,0.653050,0.653140
2025-11-27 16:56:21.844,0.653090,0.653170
2025-11-27 16:56:21.895,0.653100,0.653180
2025-11-27 16:57:00.377,0.653080,0.653160
2025-11-27 16:57:00.530,0.653070,0.653150
2025-11-27 16:57:13.693,0.653060,0.653140
2025-11-27 16:57:13.794,0.653050,0.653140
2025-11-27 16:57:13.908,0.653030,0.653110
2025-11-27 16:57:14.170,0.653010,0.653110
2025-11-27 16:57:30.170,0.653030,0.653110
2025-11-27 16:57:30.571,0.653040,0.653120
2025-11-27 16:57:43.159,0.653050,0.653140
2025-11-27 16:57:43.350,0.653100,0.653160
2025-11-27 16:57:43.400,0.653100,0.653180
2025-11-27 16:57:48.461,0.653110,0.653190
2025-11-27 16:57:48.562,0.653090,0.653190
2025-11-27 16:57:55.107,0.653070,0.653180
2025-11-27 16:58:01.160,0.653080,0.653170
2025-11-27 16:58:13.573,0.653060,0.653170
2025-11-27 16:58:20.147,0.653050,0.653160
2025-11-27 16:58:23.465,0.653070,0.653150
2025-11-27 16:58:23.817,0.653060,0.653170
2025-11-27 16:58:28.006,0.653060,0.653140
2025-11-27 16:58:28.157,0.653060,0.653160
2025-11-27 16:58:45.594,0.653080,0.653160
2025-11-27 16:58:49.639,0.653060,0.653140
2025-11-27 16:59:22.283,0.653070,0.653150
2025-11-27 16:59:33.611,0.653080,0.653160
2025-11-27 16:59:41.210,0.653090,0.653170
2025-11-27 16:59:44.303,0.653090,0.653180
2025-11-27 16:59:44.504,0.653110,0.653190
2025-11-27 16:59:45.456,0.653120,0.653200
2025-11-27 17:00:01.446,0.653130,0.653210
2025-11-27 17:00:01.646,0.653110,0.653210
2025-11-27 17:00:10.303,0.653130,0.653230
2025-11-27 17:00:10.404,0.653130,0.653240
2025-11-27 17:00:11.657,0.653150,0.653230
2025-11-27 17:00:12.539,0.653140,0.653250
2025-11-27 17:00:21.846,0.653160,0.653240
2025-11-27 17:00:35.343,0.653160,0.653260
2025-11-27 17:00:43.645,0.653160,0.653240
2025-11-27 17:00:58.079,0.653160,0.653250
2025-11-27 17:01:10.503,0.653180,0.653270
2025-11-27 17:01:10.606,0.653190,0.653270
2025-11-27 17:01:11.112,0.653190,0.653280
2025-11-27 17:01:11.212,0.653240,0.653320
2025-11-27 17:01:11.314,0.653230,0.653310
2025-11-27 17:01:12.971,0.653240,0.653320
2025-11-27 17:01:13.121,0.653250,0.653320
2025-11-27 17:01:16.140,0.653240,0.653310
2025-11-27 17:01:16.241,0.653220,0.653320
2025-11-27 17:01:49.439,0.653220,0.653310
2025-11-27 17:01:50.247,0.653200,0.653290
2025-11-27 17:02:06.337,0.653190,0.653290
2025-11-27 17:02:13.305,0.653200,0.653270
2025-11-27 17:02:13.356,0.653180,0.653260
2025-11-27 17:02:17.067,0.653180,0.653270
2025-11-27 17:02:17.186,0.653160,0.653260
2025-11-27 17:02:17.441,0.653160,0.653250
2025-11-27 17:02:18.101,0.653160,0.653240
2025-11-27 17:02:18.152,0.653120,0.653230
2025-11-27 17:02:18.286,0.653120,0.653220
2025-11-27 17:02:21.858,0.653110,0.653190
2025-11-27 17:02:22.010,0.653100,0.653190
2025-11-27 17:02:22.412,0.653090,0.653170
2025-11-27 17:02:22.562,0.653070,0.653170
2025-11-27 17:02:32.513,0.653080,0.653170
2025-11-27 17:02:51.341,0.653060,0.653180
2025-11-27 17:02:51.742,0.653070,0.653160
2025-11-27 17:02:51.794,0.653090,0.653170
2025-11-27 17:02:51.898,0.653080,0.653170
2025-11-27 17:02:52.059,0.653070,0.653150
2025-11-27 17:02:52.366,0.653060,0.653150
2025-11-27 17:02:52.744,0.653060,0.653140
2025-11-27 17:02:53.097,0.653060,0.653150
2025-11-27 17:02:58.161,0.653050,0.653150
2025-11-27 17:03:14.752,0.653070,0.653150
2025-11-27 17:03:41.850,0.653080,0.653150
2025-11-27 17:03:58.098,0.653070,0.653170
2025-11-27 17:04:27.241,0.653100,0.653180
2025-11-27 17:04:28.245,0.653100,0.653210
2025-11-27 17:04:28.396,0.653120,0.653200
2025-11-27 17:04:40.031,0.653130,0.653200
2025-11-27 17:04:45.695,0.653100,0.653210
2025-11-27 17:04:45.947,0.653110,0.653210
2025-11-27 17:04:50.676,0.653130,0.653210
2025-11-27 17:04:57.495,0.653110,0.653210
2025-11-27 17:04:57.646,0.653110,0.653220
2025-11-27 17:05:02.859,0.653110,0.653200
2025-11-27 17:05:09.041,0.653120,0.653200
2025-11-27 17:05:28.306,0.653110,0.653200
2025-11-27 17:05:57.831,0.653120,0.653200
2025-11-27 17:06:00.320,0.653100,0.653170
2025-11-27 17:06:00.374,0.653080,0.653170
2025-11-27 17:06:00.475,0.653080,0.653160
2025-11-27 17:06:00.630,0.653060,0.653160
2025-11-27 17:06:01.331,0.653060,0.653150
2025-11-27 17:06:01.432,0.653050,0.653150
2025-11-27 17:06:02.434,0.653040,0.653140
2025-11-27 17:06:09.934,0.653040,0.653150
2025-11-27 17:06:10.236,0.653040,0.653160
2025-11-27 17:06:21.343,0.653060,0.653150
2025-11-27 17:06:31.849,0.653050,0.653150
2025-11-27 17:07:03.639,0.653060,0.653150
2025-11-27 17:07:03.739,0.653060,0.653160
2025-11-27 17:07:21.015,0.653060,0.653170
2025-11-27 17:07:21.368,0.653060,0.653160
2025-11-27 17:07:21.420,0.653040,0.653130
2025-11-27 17:07:24.216,0.653030,0.653130
2025-11-27 17:07:28.577,0.653030,0.653120
2025-11-27 17:07:28.678,0.653020,0.653110
2025-11-27 17:07:32.542,0.653010,0.653130
2025-11-27 17:08:31.900,0.653020,0.653110
2025-11-27 17:08:34.906,0.653000,0.653090
2025-11-27 17:08:36.013,0.653000,0.653100
2025-11-27 17:08:47.341,0.653010,0.653110
2025-11-27 17:09:01.223,0.653020,0.653110
2025-11-27 17:09:01.574,0.653010,0.653130
2025-11-27 17:09:03.278,0.653030,0.653130
2025-11-27 17:09:03.379,0.653020,0.653130
2025-11-27 17:09:03.529,0.653050,0.653140
2025-11-27 17:09:09.818,0.653030,0.653140
2025-11-27 17:09:09.919,0.653020,0.653120
2025-11-27 17:09:34.208,0.653020,0.653130
2025-11-27 17:09:44.055,0.653030,0.653130
2025-11-27 17:09:51.187,0.653050,0.653130
2025-11-27 17:10:05.920,0.653050,0.653140
2025-11-27 17:10:06.271,0.653050,0.653150
2025-11-27 17:10:41.664,0.653050,0.653140
2025-11-27 17:11:00.965,0.653050,0.653150
2025-11-27 17:11:17.021,0.653050,0.653130
2025-11-27 17:11:19.779,0.653030,0.653120
2025-11-27 17:11:19.879,0.653030,0.653110
2025-11-27 17:11:21.083,0.653030,0.653130
2025-11-27 17:11:24.792,0.653040,0.653130
2025-11-27 17:11:25.042,0.653040,0.653140
2025-11-27 17:11:25.444,0.653050,0.653140
2025-11-27 17:11:55.134,0.653050,0.653130
2025-11-27 17:11:55.435,0.653050,0.653140
2025-11-27 17:12:37.282,0.653040,0.653120
2025-11-27 17:12:38.086,0.653040,0.653110
2025-11-27 17:12:44.760,0.653020,0.653110
2025-11-27 17:13:28.599,0.653030,0.653130
2025-11-27 17:13:28.700,0.653040,0.653130
2025-11-27 17:13:36.282,0.653030,0.653130
2025-11-27 17:13:48.236,0.653030,0.653110
2025-11-27 17:13:49.993,0.653010,0.653090
2025-11-27 17:13:50.094,0.653000,0.653080
2025-11-27 17:14:03.910,0.653010,0.653100
2025-11-27 17:14:19.585,0.652990,0.653080
2025-11-27 17:14:19.686,0.652990,0.653070
2025-11-27 17:15:01.659,0.652990,0.653080
2025-11-27 17:15:11.799,0.653000,0.653090
2025-11-27 17:15:48.864,0.652980,0.653060
2025-11-27 17:15:55.033,0.652980,0.653070
2025-11-27 17:15:55.384,0.652970,0.653090
2025-11-27 17:16:11.697,0.652990,0.653080
2025-11-27 17:16:11.900,0.653000,0.653080
2025-11-27 17:16:12.000,0.653000,0.653090
2025-11-27 17:16:18.807,0.653000,0.653100
2025-11-27 17:16:27.203,0.652990,0.653100
2025-11-27 17:16:32.016,0.653000,0.653100
2025-11-27 17:16:50.883,0.653000,0.653090
2025-11-27 17:17:01.631,0.652980,0.653080
2025-11-27 17:17:09.750,0.652990,0.653100
2025-11-27 17:17:27.716,0.653000,0.653080
2025-11-27 17:17:55.425,0.652990,0.653070
2025-11-27 17:17:55.576,0.652980,0.653060
2025-11-27 17:17:56.077,0.652980,0.653070
2025-11-27 17:18:01.090,0.652990,0.653070
2025-11-27 17:18:01.391,0.652990,0.653090
2025-11-27 17:18:20.845,0.652970,0.653090
2025-11-27 17:18:21.046,0.652970,0.653080
2025-11-27 17:18:26.159,0.652970,0.653070
2025-11-27 17:18:26.360,0.652960,0.653060
2025-11-27 17:18:44.942,0.652940,0.653040
2025-11-27 17:19:19.431,0.652960,0.653050
2025-11-27 17:19:35.988,0.652940,0.653040
2025-11-27 17:20:19.307,0.652920,0.653040
2025-11-27 17:20:26.428,0.652910,0.652990
2025-11-27 17:20:26.528,0.652910,0.653000
2025-11-27 17:20:51.757,0.652900,0.653000
2025-11-27 17:21:01.713,0.652900,0.652990
2025-11-27 17:21:01.814,0.652880,0.652970
2025-11-27 17:21:02.015,0.652880,0.652980
2025-11-27 17:21:10.342,0.652880,0.652990
2025-11-27 17:22:35.274,0.652890,0.653000
2025-11-27 17:23:30.289,0.652900,0.653000
2025-11-27 17:23:39.919,0.652940,0.653020
2025-11-27 17:23:40.072,0.652930,0.653040
2025-11-27 17:23:40.523,0.652950,0.653040
2025-11-27 17:23:40.773,0.652940,0.653040
2025-11-27 17:23:55.497,0.652930,0.653010
2025-11-27 17:23:55.598,0.652910,0.653020
2025-11-27 17:23:57.073,0.652920,0.653020
2025-11-27 17:24:41.357,0.652920,0.653010
2025-11-27 17:24:52.040,0.652920,0.653020
2025-11-27 17:24:53.142,0.652920,0.653010
2025-11-27 17:24:54.648,0.652930,0.653010
2025-11-27 17:24:54.799,0.652920,0.653010
2025-11-27 17:24:55.073,0.652940,0.653040
2025-11-27 17:25:12.082,0.652940,0.653030
2025-11-27 17:25:12.233,0.652930,0.653050
2025-11-27 17:25:14.644,0.652930,0.653020
2025-11-27 17:25:14.744,0.652910,0.653010
2025-11-27 17:25:22.832,0.652920,0.653010
2025-11-27 17:25:45.032,0.652920,0.653020
2025-11-27 17:25:45.132,0.652940,0.653020
2025-11-27 17:25:45.234,0.652930,0.653020
2025-11-27 17:25:52.837,0.652930,0.653000
2025-11-27 17:25:52.888,0.652900,0.653010
2025-11-27 17:26:13.620,0.652920,0.653010
2025-11-27 17:26:13.756,0.652920,0.653020
2025-11-27 17:26:13.957,0.652920,0.653030
2025-11-27 17:26:16.564,0.652900,0.653010
2025-11-27 17:26:16.715,0.652920,0.653000
2025-11-27 17:26:17.568,0.652920,0.653010
2025-11-27 17:26:18.121,0.652920,0.653000
2025-11-27 17:26:48.640,0.652900,0.652990
2025-11-27 17:26:48.741,0.652890,0.652990
2025-11-27 17:27:03.248,0.652900,0.653000
2025-11-27 17:27:05.893,0.652890,0.652980
2025-11-27 17:27:13.779,0.652910,0.652990
2025-11-27 17:27:28.855,0.652890,0.652980
2025-11-27 17:27:29.657,0.652900,0.652990
2025-11-27 17:27:43.156,0.652940,0.653020
2025-11-27 17:27:43.307,0.652940,0.653040
2025-11-27 17:27:43.760,0.652940,0.653020
2025-11-27 17:27:44.013,0.652920,0.653000
2025-11-27 17:27:44.163,0.652920,0.653030
2025-11-27 17:27:46.764,0.652930,0.653040
2025-11-27 17:27:47.871,0.652950,0.653040
2025-11-27 17:28:42.896,0.652960,0.653040
2025-11-27 17:29:10.231,0.652940,0.653040
2025-11-27 17:29:15.194,0.652960,0.653050
2025-11-27 17:29:15.326,0.652960,0.653060
2025-11-27 17:29:19.388,0.652960,0.653040
2025-11-27 17:29:20.240,0.652970,0.653050
2025-11-27 17:29:23.279,0.652950,0.653050
2025-11-27 17:29:36.677,0.652970,0.653050
2025-11-27 17:29:46.682,0.652960,0.653040
2025-11-27 17:29:55.264,0.652970,0.653050
2025-11-27 17:30:14.112,0.652970,0.653040
2025-11-27 17:30:14.363,0.652970,0.653050
2025-11-27 17:30:17.222,0.652990,0.653070
2025-11-27 17:30:26.783,0.653000,0.653080
2025-11-27 17:30:27.134,0.653000,0.653100
2025-11-27 17:30:30.193,0.653020,0.653100
2025-11-27 17:30:30.295,0.653030,0.653130
2025-11-27 17:30:33.783,0.653020,0.653110
2025-11-27 17:30:34.084,0.653010,0.653130
2025-11-27 17:30:39.153,0.653010,0.653110
2025-11-27 17:30:43.261,0.653000,0.653100
2025-11-27 17:30:59.272,0.653000,0.653110
2025-11-27 17:31:16.110,0.653010,0.653090
2025-11-27 17:31:18.415,0.653000,0.653090
2025-11-27 17:31:31.377,0.653000,0.653100
2025-11-27 17:31:31.527,0.653000,0.653110
2025-11-27 17:31:36.449,0.653010,0.653110
2025-11-27 17:31:38.205,0.653030,0.653110
2025-11-27 17:31:38.255,0.653040,0.653130
2025-11-27 17:31:41.892,0.653030,0.653150
2025-11-27 17:31:42.395,0.653040,0.653150
2025-11-27 17:31:42.596,0.653040,0.653160
2025-11-27 17:31:45.355,0.653060,0.653150
2025-11-27 17:31:51.862,0.653060,0.653160
2025-11-27 17:31:59.088,0.653080,0.653160
2025-11-27 17:31:59.240,0.653100,0.653180
2025-11-27 17:31:59.342,0.653100,0.653190
2025-11-27 17:32:01.341,0.653100,0.653170
2025-11-27 17:32:01.392,0.653080,0.653160
2025-11-27 17:32:02.399,0.653060,0.653160
2025-11-27 17:32:04.605,0.653050,0.653160
2025-11-27 17:32:08.623,0.653070,0.653150
2025-11-27 17:32:08.824,0.653070,0.653160
2025-11-27 17:32:15.967,0.653060,0.653150
2025-11-27 17:32:27.158,0.653080,0.653150
2025-11-27 17:32:27.259,0.653070,0.653170
2025-11-27 17:32:30.832,0.653050,0.653150
2025-11-27 17:33:53.494,0.653060,0.653150
2025-11-27 17:35:27.376,0.653060,0.653160
2025-11-27 17:35:41.347,0.653060,0.653150
2025-11-27 17:36:47.783,0.653050,0.653150
2025-11-27 17:36:47.883,0.653060,0.653150
2025-11-27 17:36:47.984,0.653040,0.653160
2025-11-27 17:36:53.446,0.653060,0.653150
2025-11-27 17:36:53.646,0.653050,0.653150
2025-11-27 17:36:53.797,0.653060,0.653150
2025-11-27 17:36:53.971,0.653050,0.653150
2025-11-27 17:36:54.273,0.653060,0.653150
2025-11-27 17:36:54.374,0.653050,0.653150
2025-11-27 17:36:54.524,0.653060,0.653150
2025-11-27 17:36:54.625,0.653050,0.653150
2025-11-27 17:36:54.876,0.653060,0.653150
2025-11-27 17:36:56.080,0.653050,0.653150
2025-11-27 17:36:56.181,0.653040,0.653160
2025-11-27 17:36:56.432,0.653050,0.653150
2025-11-27 17:36:56.583,0.653060,0.653150
2025-11-27 17:37:03.402,0.653050,0.653150
2025-11-27 17:37:03.553,0.653050,0.653160
2025-11-27 17:37:04.005,0.653070,0.653170
2025-11-27 17:37:04.055,0.653090,0.653170
2025-11-27 17:37:04.306,0.653090,0.653180
2025-11-27 17:37:07.817,0.653060,0.653160
2025-11-27 17:37:07.918,0.653060,0.653150
2025-11-27 17:37:08.019,0.653050,0.653150
2025-11-27 17:38:03.142,0.653050,0.653140
2025-11-27 17:38:12.960,0.653030,0.653150
2025-11-27 17:38:45.249,0.653030,0.653120
2025-11-27 17:38:45.350,0.653010,0.653100
2025-11-27 17:38:49.477,0.653020,0.653110
2025-11-27 17:39:01.526,0.652990,0.653110
2025-11-27 17:39:01.642,0.653000,0.653100
2025-11-27 17:39:06.032,0.653000,0.653110
2025-11-27 17:39:09.607,0.652990,0.653100
2025-11-27 17:39:56.040,0.653000,0.653080
2025-11-27 17:40:15.115,0.652980,0.653050
2025-11-27 17:40:15.216,0.652970,0.653050
2025-11-27 17:40:28.625,0.652990,0.653080
2025-11-27 17:41:01.113,0.652970,0.653050
2025-11-27 17:41:01.215,0.652960,0.653040
2025-11-27 17:41:07.769,0.652950,0.653040
2025-11-27 17:41:07.927,0.652950,0.653030
2025-11-27 17:41:07.977,0.652940,0.653010
2025-11-27 17:41:08.750,0.652930,0.653010
2025-11-27 17:41:09.303,0.652940,0.653020
2025-11-27 17:41:18.958,0.652950,0.653020
2025-11-27 17:41:20.311,0.652940,0.653020
2025-11-27 17:41:41.114,0.652920,0.653000
2025-11-27 17:41:41.418,0.652920,0.652990
2025-11-27 17:41:42.069,0.652920,0.653000
2025-11-27 17:41:47.596,0.652920,0.653020
2025-11-27 17:41:47.697,0.652930,0.653030
2025-11-27 17:41:47.948,0.652940,0.653030
2025-11-27 17:41:54.443,0.652930,0.653010
2025-11-27 17:41:54.594,0.652930,0.653000
2025-11-27 17:41:57.399,0.652920,0.653000
2025-11-27 17:41:57.700,0.652930,0.653010
2025-11-27 17:42:01.468,0.652930,0.653000
2025-11-27 17:42:05.081,0.652930,0.653020
2025-11-27 17:42:07.590,0.652940,0.653020
2025-11-27 17:42:08.092,0.652920,0.653010
2025-11-27 17:42:08.142,0.652910,0.652990
2025-11-27 17:42:21.831,0.652900,0.652990
2025-11-27 17:42:36.046,0.652910,0.652990
2025-11-27 17:42:52.100,0.652900,0.652990
2025-11-27 17:43:43.382,0.652900,0.652980
2025-11-27 17:43:50.443,0.652890,0.652980
2025-11-27 17:44:01.294,0.652900,0.652980
2025-11-27 17:44:14.109,0.652900,0.652970
2025-11-27 17:44:19.287,0.652900,0.652980
2025-11-27 17:44:36.533,0.652910,0.652980
2025-11-27 17:44:40.002,0.652900,0.652980
2025-11-27 17:44:56.307,0.652890,0.652980
2025-11-27 17:45:04.785,0.652880,0.652960
2025-11-27 17:45:04.887,0.652870,0.652940
2025-11-27 17:45:19.364,0.652850,0.652940
2025-11-27 17:45:46.519,0.652860,0.652940
2025-11-27 17:46:53.089,0.652860,0.652950
2025-11-27 17:46:59.952,0.652850,0.652940
2025-11-27 17:47:00.054,0.652840,0.652940
2025-11-27 17:47:15.910,0.652870,0.652950
2025-11-27 17:47:15.961,0.652870,0.652990
2025-11-27 17:47:41.027,0.652870,0.652960
2025-11-27 17:47:41.128,0.652850,0.652950
2025-11-27 17:47:50.612,0.652850,0.652940
2025-11-27 17:48:14.046,0.652860,0.652950
2025-11-27 17:48:19.196,0.652850,0.652940
2025-11-27 17:48:29.477,0.652870,0.652940
2025-11-27 17:48:30.328,0.652870,0.652950
2025-11-27 17:48:30.429,0.652880,0.652950
2025-11-27 17:48:32.937,0.652870,0.652950
2025-11-27 17:48:39.834,0.652880,0.652950
2025-11-27 17:48:39.985,0.652860,0.652950
2025-11-27 17:48:48.060,0.652870,0.652950
2025-11-27 17:49:11.856,0.652870,0.652960
2025-11-27 17:49:23.870,0.652870,0.652980
2025-11-27 17:49:23.971,0.652880,0.652990
2025-11-27 17:49:24.423,0.652880,0.652960
2025-11-27 17:49:24.574,0.652860,0.652960
2025-11-27 17:50:19.538,0.652860,0.652970
2025-11-27 17:50:58.131,0.652890,0.652970
2025-11-27 17:50:58.232,0.652900,0.652980
2025-11-27 17:51:48.703,0.652900,0.653000
2025-11-27 17:53:30.748,0.652900,0.652990
2025-11-27 17:53:34.966,0.652900,0.652980
2025-11-27 17:53:43.546,0.652900,0.652990
2025-11-27 17:53:55.231,0.652920,0.652990
2025-11-27 17:54:04.530,0.652930,0.653010
2025-11-27 17:54:08.148,0.652930,0.653030
2025-11-27 17:54:10.405,0.652940,0.653030
2025-11-27 17:54:12.110,0.652950,0.653030
2025-11-27 17:54:12.396,0.652960,0.653040
2025-11-27 17:54:17.810,0.652960,0.653070
2025-11-27 17:54:46.604,0.652980,0.653070
2025-11-27 17:55:16.747,0.652990,0.653070
2025-11-27 17:55:41.127,0.652990,0.653080
2025-11-27 17:56:00.392,0.652980,0.653060
2025-11-27 17:57:02.173,0.652970,0.653060
2025-11-27 17:57:02.274,0.652960,0.653050
2025-11-27 17:57:02.928,0.652970,0.653050
2025-11-27 17:57:07.170,0.652970,0.653070
2025-11-27 17:57:26.051,0.652990,0.653070
2025-11-27 17:57:27.311,0.652970,0.653070
2025-11-27 17:57:30.171,0.652980,0.653080
2025-11-27 17:57:31.478,0.652970,0.653070
2025-11-27 17:57:33.735,0.652980,0.653070
2025-11-27 17:57:33.840,0.653000,0.653080
2025-11-27 17:57:33.891,0.653000,0.653110
2025-11-27 17:57:33.996,0.653020,0.653110
2025-11-27 17:57:34.498,0.653010,0.653100
2025-11-27 17:57:50.469,0.653020,0.653100
2025-11-27 17:57:50.669,0.653020,0.653110
2025-11-27 17:58:11.461,0.653030,0.653120
2025-11-27 17:58:16.294,0.653010,0.653110
2025-11-27 17:58:25.725,0.653020,0.653110
2025-11-27 17:58:28.245,0.653030,0.653110
2025-11-27 17:58:28.499,0.653040,0.653140
2025-11-27 17:58:35.280,0.653050,0.653120
2025-11-27 17:58:45.426,0.653040,0.653140
2025-11-27 17:58:56.650,0.653050,0.653120
2025-11-27 17:58:57.805,0.653040,0.653140
2025-11-27 17:59:01.168,0.653070,0.653170
2025-11-27 17:59:03.337,0.653080,0.653170
2025-11-27 17:59:03.440,0.653090,0.653170
2025-11-27 17:59:03.700,0.653100,0.653180
2025-11-27 17:59:12.305,0.653110,0.653190
2025-11-27 17:59:57.077,0.653120,0.653200
2025-11-27 17:59:57.378,0.653120,0.653210
2025-11-27 18:00:05.534,0.653140,0.653220
2025-11-27 18:00:07.660,0.653150,0.653220
2025-11-27 18:00:08.515,0.653150,0.653230
2025-11-27 18:00:19.061,0.653160,0.653240
2025-11-27 18:00:19.161,0.653160,0.653250
2025-11-27 18:00:25.655,0.653160,0.653230
2025-11-27 18:00:41.891,0.653170,0.653250
2025-11-27 18:00:59.500,0.653150,0.653250
2025-11-27 18:01:11.215,0.653170,0.653250
2025-11-27 18:01:28.853,0.653160,0.653240
2025-11-27 18:01:32.194,0.653140,0.653220
2025-11-27 18:01:32.295,0.653130,0.653220
2025-11-27 18:01:32.398,0.653120,0.653210
2025-11-27 18:01:32.548,0.653110,0.653200
2025-11-27 18:01:43.580,0.653100,0.653200
2025-11-27 18:01:59.319,0.653150,0.653220
2025-11-27 18:01:59.421,0.653150,0.653230
2025-11-27 18:01:59.522,0.653160,0.653230
2025-11-27 18:02:01.480,0.653150,0.653230
2025-11-27 18:02:02.988,0.653140,0.653250
2025-11-27 18:02:27.537,0.653150,0.653240
2025-11-27 18:02:27.840,0.653160,0.653250
2025-11-27 18:02:49.289,0.653180,0.653250
2025-11-27 18:02:49.390,0.653180,0.653260
2025-11-27 18:02:49.591,0.653180,0.653280
2025-11-27 18:02:49.691,0.653190,0.653280
2025-11-27 18:03:02.343,0.653180,0.653260
2025-11-27 18:03:37.051,0.653160,0.653260
2025-11-27 18:03:40.311,0.653160,0.653250
2025-11-27 18:03:50.305,0.653160,0.653260
2025-11-27 18:04:37.682,0.653150,0.653250
2025-11-27 18:04:42.857,0.653150,0.653240
2025-11-27 18:04:51.099,0.653150,0.653250
2025-11-27 18:05:05.519,0.653150,0.653240
2025-11-27 18:05:05.720,0.653140,0.653260
2025-11-27 18:05:06.071,0.653150,0.653230
2025-11-27 18:05:45.861,0.653160,0.653240
2025-11-27 18:06:40.858,0.653140,0.653250
2025-11-27 18:07:05.231,0.653140,0.653240
2025-11-27 18:07:28.532,0.653100,0.653210
2025-11-27 18:07:28.634,0.653100,0.653200
2025-11-27 18:07:37.882,0.653100,0.653190
2025-11-27 18:07:45.524,0.653110,0.653200
2025-11-27 18:07:45.624,0.653100,0.653190
2025-11-27 18:07:45.725,0.653070,0.653160
2025-11-27 18:07:45.827,0.653060,0.653160
2025-11-27 18:07:49.333,0.653070,0.653140
2025-11-27 18:08:40.755,0.653060,0.653140
2025-11-27 18:09:44.032,0.653100,0.653160
2025-11-27 18:09:44.083,0.653080,0.653180
2025-11-27 18:09:52.132,0.653090,0.653180
2025-11-27 18:10:16.422,0.653090,0.653200
2025-11-27 18:10:38.733,0.653090,0.653190
2025-11-27 18:11:07.423,0.653070,0.653140
2025-11-27 18:11:07.524,0.653040,0.653150
2025-11-27 18:11:08.779,0.653050,0.653140
2025-11-27 18:11:40.355,0.653030,0.653100
2025-11-27 18:11:40.406,0.653010,0.653100
2025-11-27 18:11:50.385,0.653010,0.653110
2025-11-27 18:12:01.137,0.653010,0.653100
2025-11-27 18:12:07.557,0.653020,0.653100
2025-11-27 18:12:08.409,0.653010,0.653100
2025-11-27 18:12:11.367,0.653000,0.653120
2025-11-27 18:12:15.232,0.653010,0.653110
2025-11-27 18:12:21.489,0.653020,0.653110
2025-11-27 18:12:21.590,0.653010,0.653110
2025-11-27 18:12:21.691,0.653020,0.653110
2025-11-27 18:12:21.842,0.653010,0.653110
2025-11-27 18:13:19.650,0.652990,0.653090
2025-11-27 18:13:40.764,0.653000,0.653090
2025-11-27 18:14:11.351,0.652980,0.653100
2025-11-27 18:15:38.679,0.652980,0.653080
2025-11-27 18:15:39.635,0.652970,0.653070
2025-11-27 18:15:48.186,0.652960,0.653060
2025-11-27 18:15:48.387,0.652950,0.653050
2025-11-27 18:15:59.419,0.652940,0.653060
2025-11-27 18:17:14.142,0.652970,0.653060
2025-11-27 18:17:14.193,0.652970,0.653090
2025-11-27 18:17:36.013,0.652990,0.653080
2025-11-27 18:17:36.114,0.652980,0.653070
2025-11-27 18:17:36.266,0.652960,0.653050
2025-11-27 18:17:58.137,0.652970,0.653050
2025-11-27 18:17:58.291,0.652970,0.653060
2025-11-27 18:17:58.642,0.652960,0.653050
2025-11-27 18:17:59.926,0.652960,0.653070
2025-11-27 18:18:35.694,0.652990,0.653070
2025-11-27 18:18:35.998,0.652990,0.653080
2025-11-27 18:18:36.300,0.652980,0.653070
2025-11-27 18:18:36.400,0.652970,0.653060
2025-11-27 18:18:38.203,0.652980,0.653060
2025-11-27 18:18:42.526,0.652960,0.653070
2025-11-27 18:18:53.635,0.652980,0.653060
2025-11-27 18:18:53.938,0.652970,0.653080
2025-11-27 18:18:54.038,0.652990,0.653070
2025-11-27 18:18:54.139,0.652980,0.653060
2025-11-27 18:19:20.637,0.652970,0.653060
2025-11-27 18:20:00.930,0.652980,0.653060
2025-11-27 18:20:06.532,0.652970,0.653060
2025-11-27 18:20:41.890,0.652970,0.653070
2025-11-27 18:20:43.746,0.652990,0.653090
2025-11-27 18:20:44.098,0.653000,0.653090
2025-11-27 18:20:45.030,0.652990,0.653110
2025-11-27 18:21:09.044,0.653020,0.653100
2025-11-27 18:21:09.347,0.653010,0.653130
2025-11-27 18:21:37.410,0.653040,0.653130
2025-11-27 18:21:37.511,0.653030,0.653120
2025-11-27 18:21:37.764,0.653030,0.653130
2025-11-27 18:21:45.784,0.653050,0.653130
2025-11-27 18:21:46.036,0.653050,0.653150
2025-11-27 18:21:46.990,0.653050,0.653140
2025-11-27 18:21:53.951,0.653050,0.653150
2025-11-27 18:22:49.918,0.653050,0.653140
2025-11-27 18:25:02.269,0.653040,0.653140
2025-11-27 18:25:10.189,0.653050,0.653140
2025-11-27 18:26:58.586,0.653030,0.653140
2025-11-27 18:27:15.769,0.653040,0.653140
2025-11-27 18:30:11.393,0.653050,0.653140
2025-11-27 18:30:56.552,0.653050,0.653130
2025-11-27 18:30:59.433,0.653050,0.653140
2025-11-27 18:30:59.534,0.653050,0.653150
2025-11-27 18:31:01.388,0.653040,0.653150
2025-11-27 18:31:30.094,0.653050,0.653150
2025-11-27 18:31:37.078,0.653050,0.653140
2025-11-27 18:31:47.852,0.653050,0.653150
2025-11-27 18:31:55.140,0.653050,0.653140
2025-11-27 18:34:05.785,0.653000,0.653100
2025-11-27 18:34:10.428,0.653000,0.653090
2025-11-27 18:34:18.466,0.652980,0.653090
2025-11-27 18:34:20.070,0.652990,0.653070
2025-11-27 18:34:32.095,0.652950,0.653060
2025-11-27 18:34:32.196,0.652960,0.653040
2025-11-27 18:34:33.449,0.652950,0.653040
2025-11-27 18:34:43.722,0.652940,0.653040
2025-11-27 18:34:45.223,0.652940,0.653030
2025-11-27 18:35:01.326,0.652930,0.653030
2025-11-27 18:35:01.576,0.652930,0.653040
2025-11-27 18:35:04.512,0.652920,0.653050
2025-11-27 18:35:04.613,0.652950,0.653040
2025-11-27 18:35:04.714,0.652930,0.653050
2025-11-27 18:35:04.814,0.652950,0.653040
2025-11-27 18:35:17.118,0.652940,0.653040
2025-11-27 18:35:18.093,0.652950,0.653040
2025-11-27 18:35:23.757,0.652940,0.653040
2025-11-27 18:35:32.386,0.652950,0.653060
2025-11-27 18:35:32.436,0.652980,0.653060
2025-11-27 18:35:32.537,0.652980,0.653080
2025-11-27 18:35:32.687,0.652990,0.653080
2025-11-27 18:35:32.789,0.652980,0.653080
2025-11-27 18:35:34.643,0.652960,0.653060
2025-11-27 18:35:45.039,0.652960,0.653050
2025-11-27 18:36:05.875,0.652960,0.653060
2025-11-27 18:36:17.541,0.652950,0.653060
2025-11-27 18:36:38.652,0.652930,0.653060
2025-11-27 18:36:38.752,0.652940,0.653050
2025-11-27 18:36:38.952,0.652930,0.653040
2025-11-27 18:38:13.912,0.652940,0.653050
2025-11-27 18:38:32.656,0.652950,0.653050
2025-11-27 18:39:02.900,0.652930,0.653050
2025-11-27 18:39:03.014,0.652940,0.653020
2025-11-27 18:39:12.898,0.652920,0.653050
2025-11-27 18:39:27.035,0.652930,0.653040
2025-11-27 18:39:27.135,0.652950,0.653050
2025-11-27 18:41:36.986,0.652970,0.653060
2025-11-27 18:42:04.024,0.652960,0.653050
2025-11-27 18:44:10.382,0.652970,0.653050
2025-11-27 18:44:10.688,0.652970,0.653060
2025-11-27 18:44:32.875,0.652950,0.653050
2025-11-27 18:45:05.077,0.652950,0.653040
2025-11-27 18:46:00.079,0.652950,0.653050
2025-11-27 18:46:55.083,0.652940,0.653050
2025-11-27 18:47:19.497,0.652950,0.653050
2025-11-27 18:47:39.987,0.652950,0.653040
